Quantity, Name, CardNumber, Expansion Code, Expansion Name, PurchasePrice, Foil, Condition, Language, PurchaseDate, Single Current Price, Total Current Price
1,"A Killer Among Us",167,mkm,Murders at Karlov Manor,0.2,false,NearMint,English,20240223,0.15,0.15
1,"A Killer Among Us",167,mkm,Murders at Karlov Manor,0.2,true,NearMint,English,20240319,0.2,0.2
1,"Absolving Lammasu",2,mkm,Murders at Karlov Manor,0.15,false,NearMint,English,20240321,0.15,0.15
1,"Acrobatic Leap",2,lci,The Lost Caverns of Ixalan,0.01,false,NearMint,English,20231224,0.1,0.1
3,"Acrobatic Leap",2,lci,The Lost Caverns of Ixalan,0.15,false,NearMint,English,20231230,0.1,0.3
1,"Adamant Will",1,vow,Innistrad: Crimson Vow,0.02,false,NearMint,English,20231226,0.14,0.14
1,"Adaptive Gemguard",3,lci,The Lost Caverns of Ixalan,0.01,false,NearMint,English,20231224,0.1,0.1
1,"Adaptive Gemguard",3,lci,The Lost Caverns of Ixalan,0.14,false,NearMint,English,20231229,0.1,0.1
1,"Adaptive Gemguard",3,lci,The Lost Caverns of Ixalan,0.14,false,NearMint,English,20231230,0.1,0.1
1,"Adaptive Sporesinger",157,one,Phyrexia: All Will Be One,0.01,false,NearMint,English,20231224,0.15,0.15
1,"Aerial Boost",2,mom,March of the Machine,0.15,false,NearMint,English,20240407,0.14,0.14
1,"Agency Coroner",75,mkm,Murders at Karlov Manor,0.19,false,NearMint,English,20240218,0.1,0.1
1,"Airtight Alibi",149,mkm,Murders at Karlov Manor,0.15,false,NearMint,English,20240218,0.1,0.1
2,"Airtight Alibi",149,mkm,Murders at Karlov Manor,0.15,false,NearMint,English,20240221,0.1,0.2
1,"Airtight Alibi",149,mkm,Murders at Karlov Manor,0.1,false,NearMint,English,20240322,0.1,0.1
1,"Ajani's Pridemate",142,j22,Jumpstart 2022,0.1,false,NearMint,English,20231224,0.24,0.24
1,"Ajani, Strength of the Pride",141,j22,Jumpstart 2022,11.83,true,NearMint,English,20231224,0.0,0.0
1,"Akki Ronin",131,neo,Kamigawa: Neon Dynasty,0.12,false,NearMint,English,20240319,0.13,0.13
1,"Alabaster Host Sanctifier",4,mom,March of the Machine,0.15,false,NearMint,English,20240328,0.15,0.15
2,"Alchemist's Gift",87,m21,Core Set 2021,0.05,false,NearMint,English,20231226,0.15,0.3
2,"Alley Assailant",76,mkm,Murders at Karlov Manor,0.19,false,NearMint,English,20240218,0.1,0.2
1,"Aloe Alchemist",152,otj,Outlaws of Thunder Junction,0.3,true,NearMint,English,20240414,0.2,0.2
1,"Alpine Watchdog",2,m21,Core Set 2021,0.24,false,NearMint,English,20240421,0.24,0.24
1,"Ambulatory Edifice",79,one,Phyrexia: All Will Be One,0.01,false,NearMint,English,20231224,0.15,0.15
1,"Ambush Gigapede",77,otj,Outlaws of Thunder Junction,0.22,false,NearMint,English,20240415,0.1,0.1
1,"Ancestor's Embrace",22,vow,Innistrad: Crimson Vow,0.01,false,NearMint,English,20231226,0.1,0.1
1,"Ancestors' Aid",132,lci,The Lost Caverns of Ixalan,0.15,false,NearMint,English,20231230,0.15,0.15
1,"Ancestral Katana",1,neo,Kamigawa: Neon Dynasty,0.15,false,NearMint,English,20240319,0.15,0.15
2,"Ancestral Reminiscence",45,lci,The Lost Caverns of Ixalan,0.01,false,NearMint,English,20231224,0.1,0.2
1,"Angelic Exaltation",2,rvr,Ravnica Remastered,0.25,false,NearMint,English,20240218,0.19,0.19
1,"Angelic Quartermaster",2,vow,Innistrad: Crimson Vow,0.03,false,NearMint,English,20231226,0.19,0.19
1,"Animal Friend",397,pip,Fallout,0.66,false,NearMint,English,20240329,0.56,0.56
1,"Ankle Biter",153,otj,Outlaws of Thunder Junction,0.25,true,NearMint,English,20240414,0.15,0.15
1,"Ankle Biter",153,otj,Outlaws of Thunder Junction,0.25,false,NearMint,English,20240414,0.15,0.15
1,"Annex Sentry",2,one,Phyrexia: All Will Be One,0.01,false,NearMint,English,20231224,0.25,0.25
1,"Annie Joins Up",191,otj,Outlaws of Thunder Junction,2.0,false,NearMint,English,20240421,1.59,1.59
1,"Annihilating Glare",80,one,Phyrexia: All Will Be One,0.01,false,NearMint,English,20231224,0.2,0.2
2,"Anoint with Affliction",81,one,Phyrexia: All Will Be One,0.01,false,NearMint,English,20231224,0.22,0.44
1,"Another Chance",90,lci,The Lost Caverns of Ixalan,0.01,false,NearMint,English,20231224,0.1,0.1
1,"Anzrag's Rampage",111,mkm,Murders at Karlov Manor,0.74,false,NearMint,English,20240218,0.46,0.46
1,"Apex Observatory",15,lcc,Lost Caverns of Ixalan Commander,1.35,false,Mint,English,20231224,1.84,1.84
1,"Aquatic Alchemist // Bubble Up",40,woe,Wilds of Eldraine,0.01,false,NearMint,English,20231224,0.1,0.1
1,"Aragorn and Arwen, Wed",287,ltr,The Lord of the Rings: Tales of Middle-earth,2.94,true,NearMint,English,20231224,3.99,3.99
1,"Aragorn, Company Leader",191,pltr,Tales of Middle-earth Promos,1.6,true,NearMint,English,20240218,2.59,2.59
1,"Aragorn, Company Leader",191,ltr,The Lord of the Rings: Tales of Middle-earth,0.3,false,NearMint,English,20240226,0.29,0.29
1,"Aragorn, the Uniter",192,ltr,The Lord of the Rings: Tales of Middle-earth,6.07,true,NearMint,English,20240226,5.69,5.69
1,"Arborback Stomper",142,kld,Kaladesh,0.15,false,NearMint,English,20240421,0.15,0.15
1,"Arcane Signet",157,plst,The List,0.58,false,NearMint,English,20240410,0.54,0.54
1,"Arcane Signet",1,p30m,30th Anniversary Misc Promos,3.59,true,NearMint,English,20240421,3.0,3.0
1,"Archive Dragon",41,woe,Wilds of Eldraine,0.15,false,NearMint,English,20231227,0.15,0.15
2,"Archon's Glory",2,woe,Wilds of Eldraine,0.01,false,NearMint,English,20231224,0.1,0.2
1,"Arclight Phoenix",91,pgrn,Guilds of Ravnica Promos,2.23,false,NearMint,English,20231226,4.42,4.42
1,"Arctic Wolves",118,wth,Weatherlight,0.25,false,NearMint,English,20240319,0.25,0.25
1,"Argentum Masticore",222,one,Phyrexia: All Will Be One,0.06,true,NearMint,English,20231224,0.44,0.44
1,"Arid Archway",252,otj,Outlaws of Thunder Junction,0.26,false,NearMint,English,20240414,0.4,0.4
1,"Arid Archway",252,otj,Outlaws of Thunder Junction,0.26,false,NearMint,English,20240422,0.4,0.4
1,"Armored Kincaller",174,lci,The Lost Caverns of Ixalan,0.14,false,NearMint,English,20240103,0.1,0.1
1,"Armored Scrapgorger",158,one,Phyrexia: All Will Be One,0.07,false,NearMint,English,20231224,0.25,0.25
1,"Armored Wolf-Rider",52,dgm,Dragon's Maze,0.15,false,NearMint,English,20240421,0.14,0.14
1,"Armory Paladin",337,pip,Fallout,1.0,true,NearMint,English,20240321,0.9,0.9
2,"Arwen Undómiel",194,ltr,The Lord of the Rings: Tales of Middle-earth,0.2,false,NearMint,English,20231229,0.17,0.34
1,"Arwen Undómiel",194,ltr,The Lord of the Rings: Tales of Middle-earth,0.2,false,NearMint,English,20240218,0.17,0.17
1,"Arwen's Gift",39,ltr,The Lord of the Rings: Tales of Middle-earth,0.01,false,NearMint,English,20231224,0.13,0.13
3,"Arwen's Gift",39,ltr,The Lord of the Rings: Tales of Middle-earth,0.15,false,NearMint,English,20240218,0.13,0.39
1,"Arwen's Gift",39,ltr,The Lord of the Rings: Tales of Middle-earth,0.15,false,NearMint,English,20240226,0.13,0.13
1,"Arwen, Mortal Queen",193,ltr,The Lord of the Rings: Tales of Middle-earth,2.1,false,NearMint,English,20240226,2.31,2.31
1,"Ash Barrens",781,pip,Fallout,1.16,true,NearMint,English,20240321,1.02,1.02
1,"Ashen Reaper",232,mom,March of the Machine,0.15,false,NearMint,English,20240328,0.15,0.15
1,"Asinine Antics",330,woe,Wilds of Eldraine,1.65,false,NearMint,English,20231224,2.55,2.55
1,"Aspirant's Ascent",40,one,Phyrexia: All Will Be One,0.01,false,NearMint,English,20231224,0.15,0.15
1,"Assassin's Ink",87,neo,Kamigawa: Neon Dynasty,0.15,false,NearMint,English,20240319,0.15,0.15
1,"Assimilation Aegis",192,otj,Outlaws of Thunder Junction,6.0,true,NearMint,English,20240415,1.99,1.99
1,"Assure // Assemble",221,grn,Guilds of Ravnica,0.3,false,NearMint,English,20240222,0.29,0.29
1,"At Knifepoint",193,otj,Outlaws of Thunder Junction,0.25,false,NearMint,English,20240414,0.17,0.17
1,"Atraxa's Skitterfang",223,one,Phyrexia: All Will Be One,0.01,false,NearMint,English,20231224,0.15,0.15
1,"Attentive Sunscribe",4,lci,The Lost Caverns of Ixalan,0.01,false,NearMint,English,20231224,0.1,0.1
1,"Atzocan Archer",176,xln,Ixalan,0.2,false,NearMint,Russian,20240223,0.2,0.2
1,"Aurelia's Vindicator",4,mkm,Murders at Karlov Manor,2.43,false,NearMint,English,20240221,1.06,1.06
1,"Auspicious Arrival",288,mkm,Murders at Karlov Manor,0.2,true,NearMint,English,20240218,0.15,0.15
1,"Auspicious Arrival",288,mkm,Murders at Karlov Manor,0.15,false,NearMint,English,20240218,0.1,0.1
1,"Aven Interrupter",4,otj,Outlaws of Thunder Junction,5.04,false,NearMint,English,20240414,3.59,3.59
1,"Awaken the Sleeper",119,one,Phyrexia: All Will Be One,0.01,false,NearMint,English,20231224,0.15,0.15
1,"Azorius Guildgate",237,rtr,Return to Ravnica,0.23,false,NearMint,English,20240218,0.2,0.2
1,"Back for More",36,otp,Breaking News,0.15,false,NearMint,English,20240422,0.14,0.14
1,"Badlands Revival",194,otj,Outlaws of Thunder Junction,0.25,false,NearMint,English,20240415,0.15,0.15
4,"Bag End Porter",153,ltr,The Lord of the Rings: Tales of Middle-earth,0.01,false,NearMint,English,20231224,0.1,0.4
2,"Bag End Porter",153,ltr,The Lord of the Rings: Tales of Middle-earth,0.1,false,NearMint,English,20240218,0.1,0.2
1,"Bandit's Haul",240,otj,Outlaws of Thunder Junction,0.83,true,NearMint,English,20240415,0.25,0.25
1,"Bandit's Haul",240,otj,Outlaws of Thunder Junction,0.15,false,NearMint,English,20240422,0.15,0.15
3,"Banish from Edoras",1,ltr,The Lord of the Rings: Tales of Middle-earth,0.01,false,NearMint,English,20231224,0.1,0.3
1,"Banish from Edoras",1,ltr,The Lord of the Rings: Tales of Middle-earth,0.11,false,NearMint,English,20240218,0.1,0.1
2,"Banish from Edoras",1,ltr,The Lord of the Rings: Tales of Middle-earth,0.11,false,NearMint,English,20240226,0.1,0.2
2,"Banishing Light",161,ltc,Tales of Middle-earth Commander,0.01,false,NearMint,English,20231224,0.19,0.38
1,"Barad-dûr",253,ltr,The Lord of the Rings: Tales of Middle-earth,1.04,false,NearMint,English,20240218,0.92,0.92
1,"Barkhide Troll",165,m20,Core Set 2020,0.25,false,NearMint,Russian,20240223,0.24,0.24
1,"Baron Bertram Graywater",195,otj,Outlaws of Thunder Junction,0.25,false,NearMint,English,20240415,0.2,0.2
1,"Barrow Ghoul",61,plst,The List,0.02,false,NearMint,English,20231224,0.2,0.2
1,"Barrow Naughty",81,woe,Wilds of Eldraine,0.01,false,NearMint,English,20231224,0.1,0.1
1,"Barrow Naughty",81,woe,Wilds of Eldraine,0.1,false,NearMint,English,20240319,0.1,0.1
1,"Barrow-Blade",237,ltr,The Lord of the Rings: Tales of Middle-earth,0.03,false,NearMint,English,20231225,0.15,0.15
1,"Barrow-Blade",237,ltr,The Lord of the Rings: Tales of Middle-earth,0.15,false,NearMint,English,20240218,0.15,0.15
1,"Basilica Shepherd",4,one,Phyrexia: All Will Be One,0.01,false,NearMint,English,20231224,0.15,0.15
1,"Basilica Stalker",78,mkm,Murders at Karlov Manor,0.2,false,NearMint,English,20240218,0.1,0.1
1,"Basking Capybara",175,lci,The Lost Caverns of Ixalan,0.1,false,NearMint,English,20240421,0.1,0.1
1,"Basri's Acolyte",154,j22,Jumpstart 2022,0.01,false,NearMint,English,20231224,0.1,0.1
1,"Bat Colony",5,lci,The Lost Caverns of Ixalan,0.15,false,NearMint,English,20231230,0.15,0.15
1,"Battle for Bretagard",916,cmm,Commander Masters,0.3,false,NearMint,Russian,20240221,0.29,0.29
1,"Battle-Scarred Goblin",115,ltr,The Lord of the Rings: Tales of Middle-earth,0.02,false,NearMint,English,20231225,0.1,0.1
2,"Beacon Bolt",154,grn,Guilds of Ravnica,0.12,false,NearMint,English,20231224,0.25,0.5
1,"Befriending the Moths",4,neo,Kamigawa: Neon Dynasty,0.1,false,NearMint,English,20240319,0.1,0.1
1,"Begin the Invasion",79,moc,March of the Machine Commander,0.49,false,NearMint,English,20240407,0.49,0.49
3,"Behind the Mask",39,mkm,Murders at Karlov Manor,0.18,false,NearMint,English,20240218,0.1,0.3
1,"Belligerent Guest",301,vow,Innistrad: Crimson Vow,0.03,false,NearMint,English,20231226,0.1,0.1
1,"Belligerent of the Ball",120,woe,Wilds of Eldraine,0.12,false,NearMint,English,20240319,0.1,0.1
2,"Bellowing Bruiser // Beat a Path",121,woe,Wilds of Eldraine,0.01,false,NearMint,English,20231224,0.1,0.2
1,"Beluna's Gatekeeper // Entry Denied",43,woe,Wilds of Eldraine,0.01,false,NearMint,English,20231224,0.1,0.1
2,"Benthic Criminologists",40,mkm,Murders at Karlov Manor,0.19,false,NearMint,English,20240218,0.1,0.2
2,"Benthic Criminologists",40,mkm,Murders at Karlov Manor,0.14,false,NearMint,English,20240319,0.1,0.2
1,"Bestial Bloodline",162,woe,Wilds of Eldraine,0.12,false,NearMint,English,20240103,0.1,0.1
1,"Betrayal at the Vault",155,otj,Outlaws of Thunder Junction,0.25,false,NearMint,English,20240414,0.12,0.12
2,"Bewitching Leechcraft",41,ltr,The Lord of the Rings: Tales of Middle-earth,0.01,false,NearMint,English,20231224,0.1,0.2
1,"Bewitching Leechcraft",41,ltr,The Lord of the Rings: Tales of Middle-earth,0.02,true,NearMint,English,20231225,0.15,0.15
1,"Bewitching Leechcraft",41,ltr,The Lord of the Rings: Tales of Middle-earth,0.03,false,NearMint,English,20231225,0.1,0.1
2,"Bewitching Leechcraft",41,ltr,The Lord of the Rings: Tales of Middle-earth,0.1,false,NearMint,English,20240218,0.1,0.2
1,"Big Play",122,stx,Strixhaven: School of Mages,0.15,false,NearMint,English,20240421,0.15,0.15
1,"Bilbo's Ring",298,ltr,The Lord of the Rings: Tales of Middle-earth,3.75,false,NearMint,English,20231224,4.78,4.78
1,"Bilbo, Retired Burglar",196,ltr,The Lord of the Rings: Tales of Middle-earth,0.01,false,NearMint,English,20231224,0.15,0.15
1,"Bill Ferny, Bree Swindler",42,ltr,The Lord of the Rings: Tales of Middle-earth,0.25,true,NearMint,English,20240218,0.25,0.25
1,"Bill Ferny, Bree Swindler",42,ltr,The Lord of the Rings: Tales of Middle-earth,0.15,false,NearMint,English,20240218,0.14,0.14
1,"Bill the Pony",3,ltr,The Lord of the Rings: Tales of Middle-earth,0.16,false,NearMint,English,20240218,0.15,0.15
1,"Bill the Pony",3,ltr,The Lord of the Rings: Tales of Middle-earth,0.48,true,NearMint,English,20240218,0.87,0.87
1,"Bill the Pony",3,ltr,The Lord of the Rings: Tales of Middle-earth,0.18,false,NearMint,English,20240226,0.15,0.15
1,"Binding Geist",48,vow,Innistrad: Crimson Vow,0.02,false,NearMint,English,20231226,0.1,0.1
1,"Binding Geist",48,vow,Innistrad: Crimson Vow,0.03,false,NearMint,English,20231226,0.1,0.1
1,"Binding the Old Gods",917,cmm,Commander Masters,0.52,false,NearMint,English,20240421,0.52,0.52
1,"Birthday Escape",43,ltr,The Lord of the Rings: Tales of Middle-earth,0.03,false,NearMint,English,20231224,0.2,0.2
1,"Birthday Escape",43,ltr,The Lord of the Rings: Tales of Middle-earth,0.09,true,NearMint,English,20231224,0.46,0.46
3,"Birthday Escape",43,ltr,The Lord of the Rings: Tales of Middle-earth,0.2,false,NearMint,English,20240218,0.2,0.6
1,"Birthday Escape",43,ltr,The Lord of the Rings: Tales of Middle-earth,0.2,false,NearMint,English,20240226,0.2,0.2
2,"Bite Down on Crime",154,mkm,Murders at Karlov Manor,0.2,false,NearMint,English,20240218,0.1,0.2
2,"Bitter Downfall",77,ltr,The Lord of the Rings: Tales of Middle-earth,0.15,false,NearMint,English,20240218,0.14,0.28
2,"Bitter Triumph",91,lci,The Lost Caverns of Ixalan,0.5,false,NearMint,English,20231224,2.0,4.0
1,"Bitter Triumph",91,lci,The Lost Caverns of Ixalan,1.9,false,NearMint,English,20240103,2.0,2.0
1,"Black Market Tycoon",434,snc,Streets of New Capenna,0.3,false,NearMint,English,20240308,0.35,0.35
1,"Black Market Tycoon",434,snc,Streets of New Capenna,0.34,false,NearMint,English,20240319,0.35,0.35
1,"Blacksnag Buzzard",79,otj,Outlaws of Thunder Junction,0.15,false,NearMint,English,20240421,0.1,0.1
1,"Blade of Shared Souls",378,one,Phyrexia: All Will Be One,0.13,false,NearMint,English,20231224,0.33,0.33
2,"Bladed Ambassador",5,one,Phyrexia: All Will Be One,0.01,false,NearMint,English,20231224,0.15,0.3
2,"Bladed Ambassador",417,one,Phyrexia: All Will Be One,0.04,true,NearMint,English,20231224,0.25,0.5
1,"Bladegraft Aspirant",122,one,Phyrexia: All Will Be One,0.01,false,NearMint,English,20231224,0.15,0.15
1,"Blazing Crescendo",123,one,Phyrexia: All Will Be One,0.01,false,NearMint,English,20231224,0.24,0.24
2,"Blightbelly Rat",85,one,Phyrexia: All Will Be One,0.04,false,NearMint,English,20231224,0.25,0.5
1,"Blink of an Eye",46,dom,Dominaria,0.1,false,NearMint,English,20231224,0.24,0.24
2,"Blisterspit Gremlin",108,iko,Ikoria: Lair of Behemoths,0.09,false,NearMint,English,20231226,0.2,0.4
1,"Blood Hustler",80,otj,Outlaws of Thunder Junction,0.25,true,NearMint,English,20240423,0.2,0.2
1,"Blood Petal Celebrant",146,vow,Innistrad: Crimson Vow,0.04,false,NearMint,English,20231226,0.11,0.11
1,"Blood Researcher",166,stx,Strixhaven: School of Mages,0.16,false,NearMint,English,20240319,0.15,0.15
1,"Bloodletter of Aclazotz",92,lci,The Lost Caverns of Ixalan,9.69,false,NearMint,English,20231224,24.55,24.55
2,"Blossom-Clad Werewolf",226,vow,Innistrad: Crimson Vow,0.08,false,NearMint,English,20231226,0.16,0.32
1,"Blossoming Sands",244,m21,Core Set 2021,0.09,false,NearMint,English,20231226,0.24,0.24
1,"Blue Sun's Twilight",43,one,Phyrexia: All Will Be One,0.19,false,NearMint,English,20231224,0.6,0.6
1,"Bombadil's Song",154,ltr,The Lord of the Rings: Tales of Middle-earth,0.01,false,NearMint,English,20231224,0.15,0.15
3,"Bombadil's Song",154,ltr,The Lord of the Rings: Tales of Middle-earth,0.15,false,NearMint,English,20240218,0.15,0.45
1,"Bond of Insight",43,war,War of the Spark,0.25,false,NearMint,English,20240329,0.25,0.25
1,"Bone Pit Brute",132,m21,Core Set 2021,0.02,false,NearMint,English,20231226,0.15,0.15
1,"Bonepicker Skirge",86,one,Phyrexia: All Will Be One,0.01,false,NearMint,English,20231224,0.14,0.14
1,"Boneyard Desecrator",81,otj,Outlaws of Thunder Junction,0.26,true,NearMint,English,20240414,0.15,0.15
1,"Boneyard Desecrator",81,otj,Outlaws of Thunder Junction,0.22,false,NearMint,English,20240414,0.1,0.1
1,"Boneyard Desecrator",81,otj,Outlaws of Thunder Junction,0.13,false,NearMint,English,20240421,0.1,0.1
1,"Book of Mazarbul",116,ltr,The Lord of the Rings: Tales of Middle-earth,0.01,false,NearMint,English,20231224,0.15,0.15
1,"Book of Mazarbul",116,ltr,The Lord of the Rings: Tales of Middle-earth,0.17,false,NearMint,English,20240218,0.15,0.15
1,"Boom Box",241,otj,Outlaws of Thunder Junction,0.32,false,NearMint,English,20240414,0.15,0.15
1,"Boromir, Warden of the Tower",4,ltr,The Lord of the Rings: Tales of Middle-earth,3.96,true,NearMint,English,20240226,3.44,3.44
1,"Botanical Brawler",220,mom,March of the Machine,0.21,false,NearMint,English,20240329,0.2,0.2
1,"Botanical Brawler",384,mom,March of the Machine,0.35,false,NearMint,English,20240421,0.34,0.34
1,"Boulderloft Pathway",284,znr,Zendikar Rising,1.6,false,NearMint,Russian,20231224,2.69,2.69
1,"Boundary Lands Ranger",123,woe,Wilds of Eldraine,0.01,false,NearMint,English,20231224,0.11,0.11
2,"Bounding Felidar",5,otj,Outlaws of Thunder Junction,0.3,false,NearMint,English,20240414,0.15,0.3
1,"Bovine Intervention",6,otj,Outlaws of Thunder Junction,0.35,false,NearMint,English,20240415,0.25,0.25
1,"Brackish Blunder",46,lci,The Lost Caverns of Ixalan,0.01,false,NearMint,English,20231224,0.1,0.1
1,"Bramble Armor",171,mid,Innistrad: Midnight Hunt,0.02,false,NearMint,English,20231226,0.1,0.1
1,"Bramble Wurm",189,vow,Innistrad: Crimson Vow,0.06,false,NearMint,English,20231226,0.18,0.18
1,"Branch of Vitu-Ghazi",258,mkm,Murders at Karlov Manor,0.2,false,NearMint,English,20240222,0.16,0.16
1,"Branchblight Stalker",160,one,Phyrexia: All Will Be One,0.01,false,NearMint,English,20231224,0.15,0.15
1,"Branchloft Pathway",284,znr,Zendikar Rising,1.6,false,NearMint,Russian,20231224,2.69,2.69
1,"Brandywine Farmer",155,ltr,The Lord of the Rings: Tales of Middle-earth,0.01,false,NearMint,English,20231224,0.12,0.12
2,"Brandywine Farmer",606,ltr,The Lord of the Rings: Tales of Middle-earth,0.1,false,NearMint,English,20231224,0.25,0.5
4,"Brandywine Farmer",155,ltr,The Lord of the Rings: Tales of Middle-earth,0.12,false,NearMint,English,20240218,0.12,0.48
1,"Brandywine Farmer",155,ltr,The Lord of the Rings: Tales of Middle-earth,0.13,false,NearMint,English,20240226,0.12,0.12
1,"Brazen Blademaster",136,lci,The Lost Caverns of Ixalan,0.01,false,NearMint,English,20231224,0.1,0.1
1,"Brazen Blademaster",136,lci,The Lost Caverns of Ixalan,0.15,false,NearMint,English,20231230,0.1,0.1
1,"Brazen Upstart",169,snc,Streets of New Capenna,0.15,false,NearMint,English,20240421,0.15,0.15
1,"Break Out",190,mkm,Murders at Karlov Manor,0.2,false,NearMint,English,20240321,0.24,0.24
3,"Break the Spell",5,woe,Wilds of Eldraine,0.01,false,NearMint,English,20231224,0.1,0.3
2,"Breaking of the Fellowship",117,ltr,The Lord of the Rings: Tales of Middle-earth,0.01,false,NearMint,English,20231224,0.14,0.28
1,"Breeches, the Blastmaker",197,otj,Outlaws of Thunder Junction,1.32,false,NearMint,English,20240414,0.3,0.3
1,"Briarpack Alpha",634,j22,Jumpstart 2022,0.14,false,NearMint,English,20240421,0.12,0.12
1,"Bridled Bighorn",7,otj,Outlaws of Thunder Junction,0.28,false,NearMint,English,20240415,0.1,0.1
1,"Brightmare",159,j22,Jumpstart 2022,0.1,false,NearMint,English,20231228,0.15,0.15
2,"Bring the Ending",44,one,Phyrexia: All Will Be One,0.01,false,NearMint,English,20231224,0.2,0.4
1,"Bristlebud Farmer",47,big,The Big Score,9.22,true,NearMint,English,20240415,6.99,6.99
1,"Bristlepack Sentry",156,otj,Outlaws of Thunder Junction,0.27,false,NearMint,English,20240414,0.1,0.1
1,"Brokers Ascendancy",170,psnc,Streets of New Capenna Promos,2.95,true,NearMint,English,20240308,2.86,2.86
1,"Brokers Ascendancy",170,snc,Streets of New Capenna,1.24,false,NearMint,English,20240319,1.18,1.18
1,"Broodrage Mycoid",95,lci,The Lost Caverns of Ixalan,0.15,false,NearMint,English,20231230,0.1,0.1
1,"Brotherhood's End",335,bro,The Brothers' War,2.76,false,Mint,English,20231224,6.25,6.25
1,"Bruse Tarl, Roving Rancher",350,otj,Outlaws of Thunder Junction,0.5,true,NearMint,English,20240424,0.5,0.5
1,"Bubble Smuggler",41,mkm,Murders at Karlov Manor,0.19,false,NearMint,English,20240218,0.1,0.1
1,"Buried Treasure",246,lci,The Lost Caverns of Ixalan,0.14,false,NearMint,English,20231230,0.15,0.15
2,"Burnished Dunestomper",43,mom,March of the Machine,0.1,false,NearMint,English,20240421,0.1,0.2
2,"Bushmeat Poacher",77,iko,Ikoria: Lair of Behemoths,0.02,false,NearMint,English,20231226,0.15,0.3
2,"Butterbur, Bree Innkeeper",197,ltr,The Lord of the Rings: Tales of Middle-earth,0.01,false,NearMint,English,20231224,0.11,0.22
1,"Butterbur, Bree Innkeeper",197,ltr,The Lord of the Rings: Tales of Middle-earth,0.13,false,NearMint,English,20240218,0.11,0.11
1,"Butterbur, Bree Innkeeper",197,ltr,The Lord of the Rings: Tales of Middle-earth,0.13,false,NearMint,English,20240226,0.11,0.11
1,"C.A.M.P.",129,pip,Fallout,2.84,true,NearMint,English,20240321,0.69,0.69
1,"Cabaretti Ascendancy",172,snc,Streets of New Capenna,0.25,false,NearMint,English,20240308,0.25,0.25
1,"Cabaretti Ascendancy",172,snc,Streets of New Capenna,0.25,false,NearMint,English,20240319,0.25,0.25
1,"Cacophony Scamp",124,one,Phyrexia: All Will Be One,0.04,false,NearMint,English,20231224,0.25,0.25
1,"Cactarantula",158,otj,Outlaws of Thunder Junction,0.26,false,NearMint,English,20240414,0.1,0.1
1,"Cactarantula",158,otj,Outlaws of Thunder Junction,0.18,true,NearMint,English,20240424,0.15,0.15
1,"Cactusfolk Sureshot",199,otj,Outlaws of Thunder Junction,0.25,false,NearMint,English,20240414,0.15,0.15
1,"Caged Zombie",91,m21,Core Set 2021,0.02,false,NearMint,English,20231226,0.14,0.14
1,"Call of the Conclave",169,rvr,Ravnica Remastered,0.15,false,NearMint,English,20240218,0.1,0.1
1,"Call of the Ring",79,pltr,Tales of Middle-earth Promos,0.0,false,NearMint,English,20231224,0.0,0.0
1,"Call of the Ring",79,pltr,Tales of Middle-earth Promos,7.23,true,NearMint,English,20240218,7.18,7.18
1,"Candlestick",43,mkm,Murders at Karlov Manor,0.15,false,NearMint,English,20240321,0.15,0.15
2,"Candy Trail",243,woe,Wilds of Eldraine,0.01,false,NearMint,English,20231224,0.22,0.44
1,"Cankerbloom",451,one,Phyrexia: All Will Be One,0.35,true,NearMint,English,20231224,1.64,1.64
1,"Canonized in Blood",96,lci,The Lost Caverns of Ixalan,0.15,false,NearMint,English,20240103,0.15,0.15
1,"Canopy Stalker",175,m21,Core Set 2021,0.03,false,NearMint,English,20231226,0.19,0.19
1,"Caparocti Sunborn",302,lci,The Lost Caverns of Ixalan,0.01,false,NearMint,English,20231224,0.2,0.2
1,"Captain of Umbar",45,ltr,The Lord of the Rings: Tales of Middle-earth,0.01,false,NearMint,English,20231224,0.1,0.1
1,"Captain of Umbar",45,ltr,The Lord of the Rings: Tales of Middle-earth,0.11,false,NearMint,English,20240103,0.1,0.1
3,"Captain of Umbar",45,ltr,The Lord of the Rings: Tales of Middle-earth,0.1,false,NearMint,English,20240218,0.1,0.3
1,"Captain of Umbar",45,ltr,The Lord of the Rings: Tales of Middle-earth,0.1,false,NearMint,English,20240226,0.1,0.1
1,"Captivating Cave",268,lci,The Lost Caverns of Ixalan,0.12,false,NearMint,English,20231230,0.11,0.11
1,"Captivating Cave",268,lci,The Lost Caverns of Ixalan,0.13,false,NearMint,English,20240103,0.11,0.11
1,"Carom",12,rvr,Ravnica Remastered,0.15,false,NearMint,English,20240218,0.1,0.1
1,"Cartel Aristocrat",170,rvr,Ravnica Remastered,0.19,false,NearMint,English,20240218,0.15,0.15
1,"Cartographer's Companion",248,lci,The Lost Caverns of Ixalan,0.01,false,NearMint,English,20231224,0.1,0.1
1,"Case of the Burning Masks",113,mkm,Murders at Karlov Manor,0.2,false,NearMint,English,20240218,0.15,0.15
1,"Case of the Crimson Pulse",114,mkm,Murders at Karlov Manor,1.1,false,NearMint,English,20240218,0.99,0.99
3,"Case of the Gorgon's Kiss",79,mkm,Murders at Karlov Manor,0.21,false,NearMint,English,20240218,0.15,0.45
1,"Case of the Pilfered Proof",9,mkm,Murders at Karlov Manor,0.2,false,NearMint,English,20240223,0.15,0.15
1,"Case of the Shattered Pact",1,mkm,Murders at Karlov Manor,0.25,false,NearMint,English,20240221,0.21,0.21
3,"Cast into the Fire",118,ltr,The Lord of the Rings: Tales of Middle-earth,0.14,false,NearMint,English,20231224,0.39,1.17
2,"Cast into the Fire",118,ltr,The Lord of the Rings: Tales of Middle-earth,0.49,false,NearMint,English,20240218,0.39,0.78
1,"Castle Vantress",885,clb,Commander Legends: Battle for Baldur's Gate,1.45,false,NearMint,English,20240221,1.38,1.38
1,"Catlike Curiosity",69,vow,Innistrad: Crimson Vow,0.1,false,NearMint,English,20231226,0.2,0.2
1,"Caught Red-Handed",115,mkm,Murders at Karlov Manor,0.2,false,NearMint,English,20240218,0.15,0.15
1,"Caught Red-Handed",115,mkm,Murders at Karlov Manor,0.15,false,NearMint,English,20240411,0.15,0.15
1,"Cavalry Drillmaster",165,j22,Jumpstart 2022,0.1,false,NearMint,English,20231228,0.14,0.14
1,"Cavern Stomper",177,lci,The Lost Caverns of Ixalan,0.15,false,NearMint,English,20240103,0.15,0.15
1,"Cavernous Maw",270,lci,The Lost Caverns of Ixalan,0.01,false,NearMint,English,20231224,0.15,0.15
1,"Cease // Desist",246,mkm,Murders at Karlov Manor,0.2,false,NearMint,English,20240218,0.15,0.15
1,"Celeborn the Wise",156,ltr,The Lord of the Rings: Tales of Middle-earth,0.01,false,NearMint,English,20231224,0.15,0.15
3,"Celeborn the Wise",156,ltr,The Lord of the Rings: Tales of Middle-earth,0.15,false,NearMint,English,20240218,0.15,0.45
1,"Cellar Door",759,j22,Jumpstart 2022,0.05,false,NearMint,English,20231224,0.15,0.15
1,"Cemetery Recruitment",83,emn,Eldritch Moon,0.01,false,NearMint,English,20231224,0.16,0.16
1,"Cemetery Recruitment",385,j22,Jumpstart 2022,0.01,false,NearMint,English,20231224,0.15,0.15
1,"Cephalopod Sentry",198,one,Phyrexia: All Will Be One,0.01,false,NearMint,English,20231224,0.15,0.15
2,"Cerebral Confiscation",81,mkm,Murders at Karlov Manor,0.17,false,NearMint,English,20240218,0.1,0.2
1,"Ceremonial Knife",254,vow,Innistrad: Crimson Vow,0.05,false,NearMint,English,20231226,0.15,0.15
1,"Chainweb Aracnir",167,thb,Theros Beyond Death,0.25,false,NearMint,English,20240421,0.25,0.25
1,"Chance-Met Elves",157,ltr,The Lord of the Rings: Tales of Middle-earth,0.01,false,NearMint,English,20231224,0.12,0.12
1,"Chance-Met Elves",157,ltr,The Lord of the Rings: Tales of Middle-earth,0.14,false,NearMint,English,20240105,0.12,0.12
3,"Chance-Met Elves",157,ltr,The Lord of the Rings: Tales of Middle-earth,0.14,false,NearMint,English,20240218,0.12,0.36
2,"Chancellor of Tales",45,woe,Wilds of Eldraine,0.01,false,NearMint,English,20231224,0.15,0.3
2,"Chandra's Firemaw",333,m21,Core Set 2021,0.2,false,NearMint,English,20231226,0.44,0.88
1,"Chandra's Incinerator",136,m21,Core Set 2021,1.01,false,NearMint,English,20231226,1.21,1.21
4,"Chandra's Pyreling",138,m21,Core Set 2021,0.05,false,NearMint,English,20231226,0.18,0.72
1,"Chandra, Flame's Catalyst",332,m21,Core Set 2021,12.29,true,NearMint,English,20231226,11.93,11.93
1,"Change the Equation",50,mom,March of the Machine,0.25,false,NearMint,English,20240407,0.25,0.25
1,"Changeling Titan",200,lrw,Lorwyn,0.76,false,NearMint,English,20240319,0.77,0.77
2,"Charmed Clothier",6,woe,Wilds of Eldraine,0.01,false,NearMint,English,20231224,0.1,0.2
4,"Chart a Course",142,jmp,Jumpstart,0.22,false,NearMint,English,20231224,0.29,1.16
1,"Child of the Volcano",140,lci,The Lost Caverns of Ixalan,0.01,false,NearMint,English,20231224,0.1,0.1
1,"Child of the Volcano",140,lci,The Lost Caverns of Ixalan,0.13,false,NearMint,English,20231230,0.1,0.1
1,"Chimney Rabble",126,one,Phyrexia: All Will Be One,0.15,false,NearMint,English,20240305,0.14,0.14
1,"Chrome Prowler",45,one,Phyrexia: All Will Be One,0.01,false,NearMint,English,20231224,0.1,0.1
1,"Churning Reservoir",127,one,Phyrexia: All Will Be One,0.01,true,NearMint,English,20231224,0.25,0.25
1,"Churning Reservoir",127,one,Phyrexia: All Will Be One,0.01,false,NearMint,English,20231224,0.15,0.15
1,"Cirith Ungol Patrol",80,ltr,The Lord of the Rings: Tales of Middle-earth,0.01,false,NearMint,English,20231224,0.12,0.12
1,"Cirith Ungol Patrol",80,ltr,The Lord of the Rings: Tales of Middle-earth,0.25,true,NearMint,English,20240103,0.23,0.23
2,"Cirith Ungol Patrol",80,ltr,The Lord of the Rings: Tales of Middle-earth,0.13,false,NearMint,English,20240218,0.12,0.24
3,"Cirith Ungol Patrol",80,ltr,The Lord of the Rings: Tales of Middle-earth,0.13,false,NearMint,English,20240226,0.12,0.36
2,"Claim the Precious",81,ltr,The Lord of the Rings: Tales of Middle-earth,0.01,false,NearMint,English,20231224,0.15,0.3
1,"Claim the Precious",81,ltr,The Lord of the Rings: Tales of Middle-earth,0.2,false,NearMint,English,20240218,0.15,0.15
2,"Clay-Fired Bricks",6,lci,The Lost Caverns of Ixalan,0.2,false,NearMint,English,20231230,0.15,0.3
1,"Clear Shot",28,otp,Breaking News,0.36,false,NearMint,English,20240414,0.14,0.14
1,"Clear Shot",28,otp,Breaking News,0.15,false,NearMint,English,20240424,0.14,0.14
1,"Cloaked Cadet",192,vow,Innistrad: Crimson Vow,0.02,false,NearMint,English,20231226,0.15,0.15
1,"Cloudpiercer",291,iko,Ikoria: Lair of Behemoths,0.2,false,NearMint,English,20240319,0.2,0.2
1,"Coati Scavenger",179,lci,The Lost Caverns of Ixalan,0.15,false,NearMint,English,20231230,0.15,0.15
1,"Cobbled Lancer",52,vow,Innistrad: Crimson Vow,0.04,false,NearMint,English,20231226,0.15,0.15
2,"Cold Case Cracker",46,mkm,Murders at Karlov Manor,0.15,false,NearMint,English,20240218,0.1,0.2
1,"Collector's Vault",244,woe,Wilds of Eldraine,0.01,false,NearMint,English,20231224,0.37,0.37
1,"Colossadactyl",180,lci,The Lost Caverns of Ixalan,0.01,false,NearMint,English,20231224,0.15,0.15
1,"Colossal Rattlewurm",159,otj,Outlaws of Thunder Junction,0.99,false,NearMint,English,20240421,0.75,0.75
1,"Colossal Rattlewurm",159,otj,Outlaws of Thunder Junction,0.95,false,NearMint,English,20240422,0.75,0.75
1,"Command Tower",360,pip,Fallout,9.45,false,NearMint,English,20240321,9.76,9.76
1,"Command Tower",259,pip,Fallout,0.52,true,NearMint,English,20240321,0.78,0.78
1,"Compass Gnome",250,lci,The Lost Caverns of Ixalan,0.01,false,NearMint,English,20231224,0.1,0.1
1,"Complete the Circuit",52,mom,March of the Machine,0.27,false,NearMint,English,20240105,0.25,0.25
1,"Complete the Circuit",52,pmom,March of the Machine Promos,0.0,false,NearMint,English,20240218,0.0,0.0
2,"Compulsion",15,wot,Wilds of Eldraine: Enchanting Tales,0.01,false,NearMint,English,20231224,0.15,0.3
2,"Conceited Witch // Price of Beauty",84,woe,Wilds of Eldraine,0.01,false,NearMint,English,20231224,0.11,0.22
1,"Conclave Cavalier",173,rvr,Ravnica Remastered,0.18,false,NearMint,English,20240222,0.15,0.15
1,"Conduit Pylons",254,otj,Outlaws of Thunder Junction,0.8,true,NearMint,English,20240414,0.24,0.24
2,"Conduit Pylons",254,otj,Outlaws of Thunder Junction,0.25,false,NearMint,English,20240414,0.15,0.3
1,"Conduit Pylons",254,otj,Outlaws of Thunder Junction,0.25,false,NearMint,English,20240415,0.15,0.15
1,"Congregation Gryff",200,otj,Outlaws of Thunder Junction,0.25,false,NearMint,English,20240414,0.15,0.15
1,"Consuming Ashes",83,otj,Outlaws of Thunder Junction,0.15,false,NearMint,English,20240421,0.13,0.13
1,"Contagious Vorrac",164,one,Phyrexia: All Will Be One,0.01,false,NearMint,English,20231224,0.15,0.15
2,"Contentious Plan",46,war,War of the Spark,0.47,false,NearMint,English,20240329,0.41,0.82
1,"Convenient Target",119,mkm,Murders at Karlov Manor,0.21,false,NearMint,English,20240218,0.18,0.18
1,"Convenient Target",305,mkm,Murders at Karlov Manor,0.25,false,NearMint,English,20240218,0.2,0.2
1,"Cooped Up",8,woe,Wilds of Eldraine,0.01,false,NearMint,English,20231224,0.13,0.13
4,"Copper Longlegs",165,one,Phyrexia: All Will Be One,0.01,false,NearMint,English,20231224,0.15,0.6
1,"Corpse Explosion",179,snc,Streets of New Capenna,0.25,false,NearMint,English,20240308,0.25,0.25
1,"Corpse Explosion",179,snc,Streets of New Capenna,0.25,false,NearMint,English,20240319,0.25,0.25
1,"Corrupted Conviction",84,otj,Outlaws of Thunder Junction,0.25,false,NearMint,English,20240414,0.15,0.15
1,"Corrupted Conviction",84,otj,Outlaws of Thunder Junction,0.25,false,NearMint,English,20240415,0.15,0.15
2,"Cosmium Blast",7,lci,The Lost Caverns of Ixalan,0.01,false,NearMint,English,20231224,0.1,0.2
1,"Cosmium Blast",7,lci,The Lost Caverns of Ixalan,0.12,false,NearMint,English,20231230,0.1,0.1
2,"Cosmium Kiln",6,lci,The Lost Caverns of Ixalan,0.2,false,NearMint,English,20231230,0.15,0.3
1,"Council of Echoes",51,lci,The Lost Caverns of Ixalan,0.01,false,NearMint,English,20231224,0.15,0.15
1,"Council of Echoes",51,lci,The Lost Caverns of Ixalan,0.15,false,NearMint,English,20231230,0.15,0.15
1,"Courage in Crisis",158,plst,The List,0.01,false,NearMint,English,20231224,0.23,0.23
1,"Crackling Drake",213,c21,Commander 2021,0.13,false,NearMint,English,20231224,0.25,0.25
1,"Crackling Drake",206,c20,Commander 2020,0.09,false,NearMint,English,20231224,0.25,0.25
2,"Crackling Drake",163,grn,Guilds of Ravnica,0.1,false,NearMint,English,20231224,0.25,0.5
1,"Cram Session",170,stx,Strixhaven: School of Mages,0.15,false,NearMint,English,20240329,0.15,0.15
1,"Crashing Footfalls",25,spg,Special Guests,13.31,false,NearMint,English,20240319,6.2,6.2
1,"Creosote Heath",255,otj,Outlaws of Thunder Junction,0.18,false,NearMint,English,20240422,0.16,0.16
1,"Crimestopper Sprite",49,mkm,Murders at Karlov Manor,0.15,false,NearMint,English,20240218,0.1,0.1
2,"Crow of Dark Tidings",390,j22,Jumpstart 2022,0.01,false,NearMint,English,20231224,0.14,0.28
1,"Crowd-Control Warden",193,mkm,Murders at Karlov Manor,0.16,false,NearMint,English,20240218,0.1,0.1
2,"Cruel Grimnarch",88,one,Phyrexia: All Will Be One,0.01,false,NearMint,English,20231224,0.14,0.28
2,"Crushing Canopy",194,vow,Innistrad: Crimson Vow,0.01,false,NearMint,English,20231226,0.1,0.2
1,"Cryptic Coat",50,mkm,Murders at Karlov Manor,3.49,false,NearMint,English,20240321,2.2,2.2
1,"Crystal Grotto",254,woe,Wilds of Eldraine,0.01,false,NearMint,English,20231224,0.15,0.15
1,"Cultivate",6,pw23,Wizards Play Network 2023,0.75,true,NearMint,English,20240402,0.58,0.58
1,"Cultivator of Blades",55,khc,Kaldheim Commander,0.35,false,NearMint,English,20240421,0.35,0.35
1,"Curator of Sun's Creation",141,lci,The Lost Caverns of Ixalan,0.16,false,NearMint,English,20231230,0.15,0.15
1,"Curious Cadaver",194,mkm,Murders at Karlov Manor,0.2,false,NearMint,English,20240221,0.15,0.15
2,"Cutthroat Centurion",89,one,Phyrexia: All Will Be One,0.01,false,NearMint,English,20231224,0.11,0.22
1,"Dance of the Tumbleweeds",160,otj,Outlaws of Thunder Junction,0.24,false,NearMint,English,20240414,0.15,0.15
1,"Dance of the Tumbleweeds",160,otj,Outlaws of Thunder Junction,0.15,false,NearMint,English,20240421,0.15,0.15
1,"Daring Thunder-Thief",41,otj,Outlaws of Thunder Junction,0.21,false,NearMint,English,20240415,0.12,0.12
1,"Dawn of a New Age",5,pltr,Tales of Middle-earth Promos,0.0,false,NearMint,English,20231224,0.0,0.0
1,"Dawnhart Disciple",196,vow,Innistrad: Crimson Vow,0.02,false,NearMint,English,20231226,0.1,0.1
2,"Daybreak Combatants",420,dbl,Innistrad: Double Feature,0.08,false,NearMint,English,20231226,0.19,0.38
2,"Dead Weight",393,j22,Jumpstart 2022,0.01,false,NearMint,English,20231224,0.15,0.3
1,"Deadeye Duelist",119,otj,Outlaws of Thunder Junction,0.35,false,NearMint,English,20240414,0.11,0.11
1,"Deadly Complication",312,mkm,Murders at Karlov Manor,0.2,false,NearMint,English,20240321,0.2,0.2
1,"Deadly Dispute",29,p30a,30th Anniversary Play Promos,3.28,true,NearMint,English,20240218,1.69,1.69
2,"Deadly Plot",22,j22,Jumpstart 2022,0.1,false,NearMint,English,20231224,0.26,0.52
1,"Deathbloom Thallid",94,m21,Core Set 2021,0.03,false,NearMint,English,20231226,0.15,0.15
1,"Deceive the Messenger",47,ltr,The Lord of the Rings: Tales of Middle-earth,0.01,false,NearMint,English,20231224,0.1,0.1
1,"Deceive the Messenger",47,ltr,The Lord of the Rings: Tales of Middle-earth,0.12,false,NearMint,English,20231227,0.1,0.1
2,"Deceive the Messenger",47,ltr,The Lord of the Rings: Tales of Middle-earth,0.12,false,NearMint,English,20240218,0.1,0.2
2,"Deceive the Messenger",47,ltr,The Lord of the Rings: Tales of Middle-earth,0.13,false,NearMint,English,20240226,0.1,0.2
1,"Decimate",41,otp,Breaking News,0.7,false,NearMint,English,20240414,0.25,0.25
1,"Decisive Denial",42,otp,Breaking News,0.25,true,NearMint,English,20240422,0.2,0.2
1,"Decisive Denial",42,otp,Breaking News,0.2,true,NearMint,English,20240424,0.2,0.2
2,"Deconstruction Hammer",9,lci,The Lost Caverns of Ixalan,0.01,false,NearMint,English,20231224,0.13,0.26
1,"Deconstruction Hammer",9,lci,The Lost Caverns of Ixalan,0.15,false,NearMint,English,20231230,0.13,0.13
1,"Decorated Champion",69,bbd,Battlebond,0.28,false,NearMint,English,20240421,0.27,0.27
1,"Deep Goblin Skulltaker",101,lci,The Lost Caverns of Ixalan,0.01,false,NearMint,English,20231224,0.1,0.1
1,"Deepmuck Desperado",42,otj,Outlaws of Thunder Junction,1.13,true,NearMint,English,20240414,0.24,0.24
1,"Defenestrated Phantom",11,mkm,Murders at Karlov Manor,0.19,false,NearMint,English,20240218,0.1,0.1
1,"Defiler of Vigor",160,pdmu,Dominaria United Promos,2.49,false,NearMint,English,20240329,2.49,2.49
1,"Demand Answers",306,mkm,Murders at Karlov Manor,0.35,false,NearMint,English,20240218,0.25,0.25
1,"Demolish",106,rvr,Ravnica Remastered,0.12,false,NearMint,English,20240218,0.11,0.11
1,"Demonic Embrace",46,gn3,Game Night: Free-for-All,0.23,false,NearMint,English,20231226,0.49,0.49
2,"Demonic Ruckus",120,otj,Outlaws of Thunder Junction,0.28,false,NearMint,English,20240414,0.25,0.5
1,"Denethor, Ruling Steward",198,ltr,The Lord of the Rings: Tales of Middle-earth,0.01,false,NearMint,English,20231224,0.15,0.15
1,"Desert's Due",85,otj,Outlaws of Thunder Junction,0.21,false,NearMint,English,20240414,0.1,0.1
1,"Desperate Bloodseeker",86,otj,Outlaws of Thunder Junction,0.25,false,NearMint,English,20240415,0.11,0.11
1,"Desperate Bloodseeker",86,otj,Outlaws of Thunder Junction,0.25,true,NearMint,English,20240421,0.2,0.2
2,"Desperate Bloodseeker",86,otj,Outlaws of Thunder Junction,0.13,false,NearMint,English,20240421,0.11,0.22
1,"Detention Sphere",43,otp,Breaking News,0.45,false,NearMint,English,20240414,0.25,0.25
1,"Diamond Pick-Axe",143,lci,The Lost Caverns of Ixalan,0.29,false,NearMint,English,20240103,0.33,0.33
1,"Didact Echo",53,lci,The Lost Caverns of Ixalan,0.1,false,NearMint,English,20231229,0.1,0.1
1,"Didact Echo",53,lci,The Lost Caverns of Ixalan,0.1,false,NearMint,English,20231230,0.1,0.1
1,"Digsite Conservator",252,lci,The Lost Caverns of Ixalan,0.01,true,NearMint,English,20231224,0.17,0.17
1,"Dimir House Guard",83,rav,Ravnica: City of Guilds,0.62,false,NearMint,English,20240218,0.5,0.5
1,"Discerning Peddler",121,otj,Outlaws of Thunder Junction,0.25,false,NearMint,English,20240414,0.1,0.1
1,"Discerning Peddler",121,otj,Outlaws of Thunder Junction,0.3,true,NearMint,English,20240414,0.15,0.15
1,"Discreet Retreat",56,otc,Outlaws of Thunder Junction Commander,0.29,false,NearMint,English,20240424,0.27,0.27
1,"Disdainful Stroke",37,grn,Guilds of Ravnica,0.11,false,NearMint,English,20231224,0.17,0.17
1,"Disdainful Stroke",37,grn,Guilds of Ravnica,0.11,false,NearMint,English,20231226,0.17,0.17
1,"Disruptor Wanderglyph",253,lci,The Lost Caverns of Ixalan,0.01,true,NearMint,English,20231224,0.15,0.15
1,"Dissolve",51,ima,Iconic Masters,0.27,false,NearMint,English,20240221,0.27,0.27
1,"Distinguished Conjurer",4,j22,Jumpstart 2022,0.45,false,NearMint,English,20231228,0.71,0.71
1,"Distorted Curiosity",46,one,Phyrexia: All Will Be One,0.01,false,NearMint,English,20231224,0.2,0.2
1,"District Guide",128,grn,Guilds of Ravnica,0.25,false,NearMint,English,20240319,0.25,0.25
1,"Dive Down",53,xln,Ixalan,0.13,false,NearMint,English,20231226,0.25,0.25
1,"Djinn of Fool's Fall",43,otj,Outlaws of Thunder Junction,0.15,false,NearMint,English,20240423,0.1,0.1
1,"Djinni Windseer",55,afr,Adventures in the Forgotten Realms,0.15,false,NearMint,English,20240421,0.15,0.15
3,"Dog Walker",197,mkm,Murders at Karlov Manor,0.2,false,NearMint,English,20240218,0.1,0.3
1,"Dogmeat, Ever Loyal",340,pip,Fallout,3.5,false,NearMint,English,20240329,3.35,3.35
1,"Doorkeeper Thrull",13,mkm,Murders at Karlov Manor,1.81,false,NearMint,English,20240321,2.02,2.02
1,"Doors of Durin",199,ltr,The Lord of the Rings: Tales of Middle-earth,0.48,true,NearMint,English,20231224,0.75,0.75
1,"Doors of Durin",199,ltr,The Lord of the Rings: Tales of Middle-earth,0.68,false,NearMint,English,20231225,0.59,0.59
1,"Double Vision",142,pm21,Core Set 2021 Promos,1.58,true,NearMint,English,20231226,1.55,1.55
1,"Dovin's Veto",27,p30a,30th Anniversary Play Promos,3.0,true,NearMint,English,20240218,3.0,3.0
1,"Dowsing Device",146,lci,The Lost Caverns of Ixalan,0.22,false,NearMint,English,20231230,0.2,0.2
1,"Drag the Canal",199,mkm,Murders at Karlov Manor,0.48,false,NearMint,English,20240218,0.25,0.25
1,"Dramatic Accusation",53,mkm,Murders at Karlov Manor,0.15,false,NearMint,English,20240221,0.1,0.1
1,"Dreadful as the Storm",48,ltr,The Lord of the Rings: Tales of Middle-earth,0.01,false,NearMint,English,20231224,0.1,0.1
1,"Dreadful as the Storm",48,ltr,The Lord of the Rings: Tales of Middle-earth,0.12,false,NearMint,English,20240218,0.1,0.1
1,"Dreadhorde Invasion",866,cmm,Commander Masters,0.51,false,NearMint,English,20231227,0.84,0.84
1,"Dreadhorde Invasion",866,cmm,Commander Masters,0.7,false,NearMint,English,20240219,0.84,0.84
1,"Dreadmaw's Ire",147,lci,The Lost Caverns of Ixalan,0.02,false,NearMint,English,20231224,0.19,0.19
1,"Dreadmaw's Ire",147,lci,The Lost Caverns of Ixalan,0.2,false,NearMint,English,20231230,0.19,0.19
1,"Dreamroot Cascade",262,pvow,Innistrad: Crimson Vow Promos,5.58,true,NearMint,English,20231226,5.63,5.63
1,"Drift of Phantasms",46,rav,Ravnica: City of Guilds,1.5,false,NearMint,English,20240218,0.96,0.96
1,"Drift of Phantasms",314,rvr,Ravnica Remastered,0.25,false,NearMint,English,20240218,0.23,0.23
1,"Drivnod, Carnage Dominus",90,one,Phyrexia: All Will Be One,3.18,false,NearMint,English,20231224,5.86,5.86
1,"Dross Skullbomb",225,one,Phyrexia: All Will Be One,0.01,false,NearMint,English,20231224,0.15,0.15
2,"Drover Grizzly",161,otj,Outlaws of Thunder Junction,0.27,false,NearMint,English,20240414,0.1,0.2
1,"Drown in Ichor",91,one,Phyrexia: All Will Be One,0.15,false,NearMint,English,20231224,0.75,0.75
1,"Druid of the Cowl",106,aer,Aether Revolt,0.15,false,NearMint,English,20240421,0.15,0.15
1,"Due Diligence",14,mkm,Murders at Karlov Manor,0.17,false,NearMint,English,20240218,0.1,0.1
1,"Due Diligence",14,mkm,Murders at Karlov Manor,0.15,false,NearMint,English,20240221,0.1,0.1
1,"Duel for Dominance",184,mid,Innistrad: Midnight Hunt,0.13,false,NearMint,English,20240222,0.11,0.11
1,"Duelist of Deep Faith",9,one,Phyrexia: All Will Be One,0.01,false,NearMint,English,20231224,0.12,0.12
1,"Dune Mover",226,one,Phyrexia: All Will Be One,0.01,false,NearMint,English,20231224,0.15,0.15
3,"Dunland Crebain",82,ltr,The Lord of the Rings: Tales of Middle-earth,0.01,false,NearMint,English,20231224,0.1,0.3
2,"Dunland Crebain",411,ltr,The Lord of the Rings: Tales of Middle-earth,0.01,false,NearMint,English,20231224,0.14,0.28
1,"Dunland Crebain",411,ltr,The Lord of the Rings: Tales of Middle-earth,0.15,false,NearMint,English,20240218,0.14,0.14
1,"Dunland Crebain",82,ltr,The Lord of the Rings: Tales of Middle-earth,0.12,false,NearMint,English,20240218,0.1,0.1
3,"Durable Coilbug",85,iko,Ikoria: Lair of Behemoths,0.01,false,NearMint,English,20231226,0.13,0.39
2,"Duress",92,one,Phyrexia: All Will Be One,0.01,false,NearMint,English,20231224,0.15,0.3
2,"Duress",92,one,Phyrexia: All Will Be One,0.15,false,NearMint,English,20231229,0.15,0.3
1,"Dusk Rose Reliquary",10,lci,The Lost Caverns of Ixalan,0.05,false,NearMint,English,20231224,0.18,0.18
2,"Dúnedain Blade",6,ltr,The Lord of the Rings: Tales of Middle-earth,0.01,false,NearMint,English,20231224,0.1,0.2
1,"Dúnedain Blade",6,ltr,The Lord of the Rings: Tales of Middle-earth,0.1,false,NearMint,English,20240103,0.1,0.1
1,"Dúnedain Blade",6,ltr,The Lord of the Rings: Tales of Middle-earth,0.11,false,NearMint,English,20240226,0.1,0.1
1,"Dúnedain Rangers",159,ltr,The Lord of the Rings: Tales of Middle-earth,0.01,false,NearMint,English,20231224,0.15,0.15
3,"Eagles of the North",7,ltr,The Lord of the Rings: Tales of Middle-earth,0.01,false,NearMint,English,20231224,0.15,0.45
5,"Eagles of the North",7,ltr,The Lord of the Rings: Tales of Middle-earth,0.18,false,NearMint,English,20240218,0.15,0.75
1,"Eagles of the North",7,ltr,The Lord of the Rings: Tales of Middle-earth,0.2,false,NearMint,English,20240226,0.15,0.15
1,"Earthshaker Dreadmaw",183,lci,The Lost Caverns of Ixalan,0.2,false,NearMint,English,20231230,0.2,0.2
3,"East-Mark Cavalier",9,ltr,The Lord of the Rings: Tales of Middle-earth,0.01,false,NearMint,English,20231224,0.1,0.3
1,"East-Mark Cavalier",9,ltr,The Lord of the Rings: Tales of Middle-earth,0.1,false,NearMint,English,20240103,0.1,0.1
1,"East-Mark Cavalier",9,ltr,The Lord of the Rings: Tales of Middle-earth,0.1,false,NearMint,English,20240105,0.1,0.1
3,"East-Mark Cavalier",9,ltr,The Lord of the Rings: Tales of Middle-earth,0.1,false,NearMint,English,20240218,0.1,0.3
2,"East-Mark Cavalier",9,ltr,The Lord of the Rings: Tales of Middle-earth,0.1,false,NearMint,English,20240226,0.1,0.2
2,"Easterling Vanguard",83,ltr,The Lord of the Rings: Tales of Middle-earth,0.01,false,NearMint,English,20231224,0.1,0.2
3,"Easterling Vanguard",83,ltr,The Lord of the Rings: Tales of Middle-earth,0.11,false,NearMint,English,20240218,0.1,0.3
3,"Eastfarthing Farmer",8,ltr,The Lord of the Rings: Tales of Middle-earth,0.01,false,NearMint,English,20231224,0.1,0.3
2,"Eastfarthing Farmer",8,ltr,The Lord of the Rings: Tales of Middle-earth,0.12,false,NearMint,English,20240218,0.1,0.2
1,"Edgar's Awakening",110,vow,Innistrad: Crimson Vow,0.07,false,NearMint,English,20231226,0.2,0.2
1,"Edgewall Inn",255,woe,Wilds of Eldraine,0.01,false,NearMint,English,20231224,0.15,0.15
1,"Edgewall Inn",255,woe,Wilds of Eldraine,0.15,false,NearMint,English,20240422,0.15,0.15
1,"Edgewall Innkeeper",151,eld,Throne of Eldraine,0.25,false,NearMint,English,20240421,0.25,0.25
1,"Edgewall Pack",126,woe,Wilds of Eldraine,0.1,false,NearMint,English,20240421,0.1,0.1
1,"Eerie Interference",12,woe,Wilds of Eldraine,0.15,false,NearMint,English,20240421,0.15,0.15
1,"Eidolon of Rhetoric",54,j22,Jumpstart 2022,0.6,false,NearMint,English,20231224,1.5,1.5
1,"Eiganjo Exemplar",309,neo,Kamigawa: Neon Dynasty,0.11,false,NearMint,English,20240319,0.1,0.1
1,"Eiganjo Exemplar",10,neo,Kamigawa: Neon Dynasty,0.15,false,NearMint,English,20240319,0.15,0.15
1,"Elderleaf Mentor",652,j22,Jumpstart 2022,0.15,false,NearMint,English,20240329,0.15,0.15
1,"Elemental Masterpiece",182,stx,Strixhaven: School of Mages,0.13,false,NearMint,English,20240329,0.14,0.14
1,"Eliminate the Impossible",54,mkm,Murders at Karlov Manor,0.2,false,NearMint,English,20240218,0.12,0.12
1,"Eliminate the Impossible",54,mkm,Murders at Karlov Manor,0.15,false,NearMint,English,20240319,0.12,0.12
1,"Elrond, Lord of Rivendell",49,ltr,The Lord of the Rings: Tales of Middle-earth,0.17,false,NearMint,English,20240226,0.15,0.15
1,"Elrond, Master of Healing",200,ltr,The Lord of the Rings: Tales of Middle-earth,0.35,false,NearMint,English,20231227,0.29,0.29
1,"Elusive Otter // Grove's Bounty",289,woe,Wilds of Eldraine,0.39,false,NearMint,English,20240319,0.4,0.4
1,"Elven Bow",166,khm,Kaldheim,0.2,false,NearMint,Russian,20240223,0.2,0.2
1,"Elven Chorus",160,ltr,The Lord of the Rings: Tales of Middle-earth,4.23,false,NearMint,English,20240319,3.11,3.11
1,"Elven Farsight",612,ltr,The Lord of the Rings: Tales of Middle-earth,0.09,false,NearMint,English,20231224,0.22,0.22
2,"Elven Farsight",161,ltr,The Lord of the Rings: Tales of Middle-earth,0.01,false,NearMint,English,20231224,0.15,0.3
1,"Elven Farsight",161,ltr,The Lord of the Rings: Tales of Middle-earth,0.02,false,NearMint,English,20231225,0.15,0.15
1,"Elvish Archdruid",176,m10,Magic 2010,0.95,false,NearMint,English,20240402,0.95,0.95
1,"Elvish Rejuvenator",60,khc,Kaldheim Commander,0.2,false,NearMint,English,20240421,0.2,0.2
1,"Elvish Rejuvenator",63,znc,Zendikar Rising Commander,0.24,false,NearMint,English,20240421,0.22,0.22
1,"End Hostilities",8,ktk,Khans of Tarkir,0.48,false,NearMint,English,20240424,0.47,0.47
1,"End the Festivities",155,vow,Innistrad: Crimson Vow,0.93,false,NearMint,English,20231226,1.05,1.05
1,"Endless Detour",44,otp,Breaking News,0.25,false,NearMint,English,20240424,0.25,0.25
3,"Enraged Huorn",162,ltr,The Lord of the Rings: Tales of Middle-earth,0.01,false,NearMint,English,20231224,0.1,0.3
1,"Enraged Huorn",162,ltr,The Lord of the Rings: Tales of Middle-earth,0.02,false,NearMint,English,20231225,0.1,0.1
2,"Enraged Huorn",162,ltr,The Lord of the Rings: Tales of Middle-earth,0.11,false,NearMint,English,20240218,0.1,0.2
1,"Enraged Huorn",162,ltr,The Lord of the Rings: Tales of Middle-earth,0.12,false,NearMint,English,20240226,0.1,0.1
2,"Ent's Fury",164,ltr,The Lord of the Rings: Tales of Middle-earth,0.01,false,NearMint,English,20231224,0.12,0.24
1,"Ent's Fury",164,ltr,The Lord of the Rings: Tales of Middle-earth,0.12,false,NearMint,English,20240103,0.12,0.12
3,"Ent's Fury",164,ltr,The Lord of the Rings: Tales of Middle-earth,0.14,false,NearMint,English,20240218,0.12,0.36
1,"Ent's Fury",164,ltr,The Lord of the Rings: Tales of Middle-earth,0.14,false,NearMint,English,20240226,0.12,0.12
1,"Ent-Draught Basin",238,ltr,The Lord of the Rings: Tales of Middle-earth,0.01,false,NearMint,English,20231224,0.15,0.15
1,"Ent-Draught Basin",238,ltr,The Lord of the Rings: Tales of Middle-earth,0.15,false,NearMint,English,20240105,0.15,0.15
1,"Entrancing Melody",55,pxln,Ixalan Promos,2.14,true,NearMint,English,20231224,2.14,2.14
2,"Entrancing Melody",55,pxln,Ixalan Promos,0.0,false,NearMint,English,20231226,0.0,0.0
1,"Envoy of Okinec Ahau",11,lci,The Lost Caverns of Ixalan,0.01,false,NearMint,English,20231224,0.1,0.1
3,"Erebor Flamesmith",122,ltr,The Lord of the Rings: Tales of Middle-earth,0.25,false,NearMint,English,20240218,0.25,0.75
1,"Eriette's Lullaby",10,otj,Outlaws of Thunder Junction,0.75,true,NearMint,English,20240414,0.15,0.15
1,"Eriette's Tempting Apple",245,woe,Wilds of Eldraine,0.03,true,NearMint,English,20231224,0.25,0.25
2,"Erkenbrand, Lord of Westfold",123,ltr,The Lord of the Rings: Tales of Middle-earth,0.02,true,NearMint,English,20231224,0.25,0.5
1,"Eroded Canyon",256,otj,Outlaws of Thunder Junction,0.25,false,NearMint,English,20240415,0.2,0.2
1,"Errand-Rider of Gondor",11,ltr,The Lord of the Rings: Tales of Middle-earth,0.01,false,NearMint,English,20231224,0.1,0.1
4,"Errand-Rider of Gondor",11,ltr,The Lord of the Rings: Tales of Middle-earth,0.12,false,NearMint,English,20240218,0.1,0.4
1,"Escape Tunnel",261,mkm,Murders at Karlov Manor,0.25,false,NearMint,English,20240218,0.24,0.24
2,"Escape from Orthanc",12,ltr,The Lord of the Rings: Tales of Middle-earth,0.01,false,NearMint,English,20231224,0.1,0.2
4,"Escape from Orthanc",12,ltr,The Lord of the Rings: Tales of Middle-earth,0.11,false,NearMint,English,20240218,0.1,0.4
1,"Escaped Experiment",48,one,Phyrexia: All Will Be One,0.01,false,NearMint,English,20231224,0.11,0.11
2,"Escaped Experiment",48,one,Phyrexia: All Will Be One,0.1,false,NearMint,English,20231229,0.11,0.22
5,"Esquire of the King",13,ltr,The Lord of the Rings: Tales of Middle-earth,0.01,false,NearMint,English,20231224,0.1,0.5
1,"Esquire of the King",13,ltr,The Lord of the Rings: Tales of Middle-earth,0.01,false,NearMint,English,20231225,0.1,0.1
3,"Esquire of the King",13,ltr,The Lord of the Rings: Tales of Middle-earth,0.12,false,NearMint,English,20240218,0.1,0.3
1,"Esquire of the King",13,ltr,The Lord of the Rings: Tales of Middle-earth,0.12,false,NearMint,English,20240226,0.1,0.1
1,"Essence Capture",10,otp,Breaking News,0.27,false,NearMint,English,20240414,0.14,0.14
1,"Essence Capture",10,otp,Breaking News,0.25,false,NearMint,English,20240415,0.14,0.14
1,"Essence of Antiquity",15,mkm,Murders at Karlov Manor,0.2,false,NearMint,English,20240218,0.15,0.15
1,"Essence of Orthodoxy",323,mom,March of the Machine,0.44,false,NearMint,English,20240407,0.42,0.42
1,"Estwald Shieldbasher",11,vow,Innistrad: Crimson Vow,0.02,false,NearMint,English,20231226,0.1,0.1
1,"Evelyn, the Covetous",184,psnc,Streets of New Capenna Promos,0.66,true,NearMint,English,20240308,0.64,0.64
1,"Evelyn, the Covetous",184,snc,Streets of New Capenna,0.25,false,NearMint,English,20240319,0.25,0.25
1,"Evolving Adaptive",167,one,Phyrexia: All Will Be One,0.01,false,NearMint,English,20231224,0.19,0.19
4,"Evolving Wilds",306,ltc,Tales of Middle-earth Commander,0.05,false,NearMint,English,20231224,0.2,0.8
1,"Evolving Wilds",256,woe,Wilds of Eldraine,0.01,false,NearMint,English,20231224,0.19,0.19
1,"Evolving Wilds",263,vow,Innistrad: Crimson Vow,0.15,false,NearMint,English,20231226,0.2,0.2
1,"Exit Specialist",55,mkm,Murders at Karlov Manor,0.2,true,NearMint,English,20240321,0.2,0.2
1,"Expand the Sphere",168,one,Phyrexia: All Will Be One,0.05,false,NearMint,English,20231224,0.21,0.21
2,"Expedited Inheritance",123,mkm,Murders at Karlov Manor,1.25,false,NearMint,English,20240218,0.74,1.48
1,"Expel the Interlopers",13,pwoe,Wilds of Eldraine Promos,0.43,false,NearMint,English,20231224,0.5,0.5
1,"Experimental Augury",49,one,Phyrexia: All Will Be One,0.18,false,NearMint,English,20231224,0.51,0.51
1,"Explorer's Cache",184,lci,The Lost Caverns of Ixalan,0.15,false,NearMint,English,20240421,0.15,0.15
1,"Explosive Derailment",122,otj,Outlaws of Thunder Junction,0.39,true,NearMint,English,20240415,0.15,0.15
1,"Exuberant Wolfbear",151,plst,The List,0.25,false,NearMint,English,20240421,0.25,0.25
1,"Eye of Malcator",50,one,Phyrexia: All Will Be One,0.01,false,NearMint,English,20231224,0.1,0.1
1,"Eye of Ojer Taq",15,lcc,Lost Caverns of Ixalan Commander,1.35,false,Mint,English,20231224,1.84,1.84
2,"Ezuri, Stalker of Spheres",201,pone,Phyrexia: All Will Be One Promos,0.2,false,NearMint,English,20231224,0.59,1.18
1,"Ezuri, Stalker of Spheres",201,one,Phyrexia: All Will Be One,0.01,false,NearMint,English,20231224,0.71,0.71
1,"Fae Offering",158,plst,The List,0.57,false,NearMint,English,20240319,1.49,1.49
1,"Faerie Snoop",203,mkm,Murders at Karlov Manor,0.18,false,NearMint,English,20240218,0.1,0.1
1,"Failed Fording",47,otj,Outlaws of Thunder Junction,0.22,false,NearMint,English,20240414,0.1,0.1
1,"Faith's Fetters",181,j22,Jumpstart 2022,0.13,false,NearMint,English,20231228,0.15,0.15
1,"Fake Your Own Death",87,otj,Outlaws of Thunder Junction,0.25,false,NearMint,English,20240415,0.15,0.15
1,"Fall of Cair Andros",124,ltr,The Lord of the Rings: Tales of Middle-earth,0.33,false,NearMint,English,20240218,0.32,0.32
2,"Family Reunion",13,lci,The Lost Caverns of Ixalan,0.01,false,NearMint,English,20231224,0.1,0.2
1,"Family Reunion",13,lci,The Lost Caverns of Ixalan,0.15,false,NearMint,English,20231230,0.1,0.1
2,"Fanatical Strength",159,mkm,Murders at Karlov Manor,0.2,false,NearMint,English,20240218,0.1,0.2
1,"Fanatical Strength",159,mkm,Murders at Karlov Manor,0.19,false,NearMint,English,20240221,0.1,0.1
1,"Fanatical Strength",310,mkm,Murders at Karlov Manor,0.15,false,NearMint,English,20240321,0.15,0.15
1,"Fang of Shigeki",347,neo,Kamigawa: Neon Dynasty,0.15,false,NearMint,English,20240319,0.13,0.13
1,"Fangorn, Tree Shepherd",166,ltr,The Lord of the Rings: Tales of Middle-earth,0.29,false,NearMint,English,20240218,0.25,0.25
1,"Fangorn, Tree Shepherd",166,pltr,Tales of Middle-earth Promos,1.02,true,NearMint,English,20240226,1.3,1.3
3,"Faramir, Field Commander",14,ltr,The Lord of the Rings: Tales of Middle-earth,0.01,false,NearMint,English,20231224,0.15,0.45
1,"Faramir, Prince of Ithilien",319,ltr,The Lord of the Rings: Tales of Middle-earth,0.29,false,NearMint,English,20240218,0.26,0.26
1,"Farsight Ritual",49,woe,Wilds of Eldraine,0.29,true,NearMint,English,20240226,0.27,0.27
1,"Fear of Death",59,vow,Innistrad: Crimson Vow,0.01,false,NearMint,English,20231226,0.1,0.1
1,"Fear, Fire, Foes!",125,ltr,The Lord of the Rings: Tales of Middle-earth,0.01,false,NearMint,English,20231224,0.15,0.15
1,"Fearful Villager",157,vow,Innistrad: Crimson Vow,0.02,false,NearMint,English,20231226,0.11,0.11
1,"Fearful Villager",424,dbl,Innistrad: Double Feature,0.04,false,NearMint,English,20231226,0.2,0.2
1,"Fearsome Werewolf",157,vow,Innistrad: Crimson Vow,0.02,false,NearMint,English,20231226,0.11,0.11
1,"Fearsome Werewolf",424,dbl,Innistrad: Double Feature,0.04,false,NearMint,English,20231226,0.2,0.2
1,"Feed the Cauldron",91,woe,Wilds of Eldraine,0.01,false,NearMint,English,20231224,0.1,0.1
2,"Feed the Swarm",200,ltc,Tales of Middle-earth Commander,0.13,false,NearMint,English,20231224,0.32,0.64
1,"Feign Death",103,afr,Adventures in the Forgotten Realms,0.55,false,NearMint,English,20240421,0.58,0.58
1,"Felidar Retreat",821,cmm,Commander Masters,0.72,false,NearMint,English,20240421,0.79,0.79
1,"Fell Horseman // Deathly Ride",92,woe,Wilds of Eldraine,0.01,false,NearMint,English,20231224,0.11,0.11
3,"Felonious Rage",125,mkm,Murders at Karlov Manor,0.18,false,NearMint,English,20240218,0.1,0.3
1,"Ferocification",123,otj,Outlaws of Thunder Junction,0.25,false,NearMint,English,20240414,0.15,0.15
1,"Festerleech",85,mkm,Murders at Karlov Manor,0.2,false,NearMint,English,20240222,0.15,0.15
1,"Fierce Empath",1212,mb1,Mystery Booster,0.25,false,NearMint,English,20240421,0.25,0.25
1,"Fierce Retribution",13,vow,Innistrad: Crimson Vow,0.02,false,NearMint,English,20231226,0.15,0.15
1,"Fierce Retribution",2,otp,Breaking News,0.45,true,NearMint,English,20240414,0.18,0.18
1,"Fierce Retribution",2,otp,Breaking News,0.15,false,NearMint,English,20240421,0.12,0.12
3,"Fiery Cannonade",178,cmr,Commander Legends,0.12,false,NearMint,English,20231226,0.2,0.6
1,"Fiery Emancipation",42,wot,Wilds of Eldraine: Enchanting Tales,2.0,false,NearMint,English,20231224,3.97,3.97
1,"Fiery Inscription",126,ltr,The Lord of the Rings: Tales of Middle-earth,0.08,false,NearMint,English,20231224,0.33,0.33
3,"Fire of Orthanc",127,ltr,The Lord of the Rings: Tales of Middle-earth,0.01,false,NearMint,English,20231224,0.1,0.3
1,"Fire of Orthanc",127,ltr,The Lord of the Rings: Tales of Middle-earth,0.02,false,NearMint,English,20231225,0.1,0.1
2,"Fire of Orthanc",127,ltr,The Lord of the Rings: Tales of Middle-earth,0.1,false,NearMint,English,20240218,0.1,0.2
1,"Fire of Orthanc",127,ltr,The Lord of the Rings: Tales of Middle-earth,0.1,false,NearMint,English,20240226,0.1,0.1
1,"Fires of Mount Doom",392,ltr,The Lord of the Rings: Tales of Middle-earth,1.0,false,NearMint,English,20231224,2.54,2.54
1,"Fists of Ironwood",164,rav,Ravnica: City of Guilds,0.22,false,NearMint,English,20240218,0.2,0.2
1,"Fleetfoot Dancer",188,psnc,Streets of New Capenna Promos,0.37,false,NearMint,English,20240308,0.43,0.43
2,"Flensing Raptor",12,one,Phyrexia: All Will Be One,0.01,false,NearMint,English,20231224,0.15,0.3
3,"Fleshless Gladiator",94,one,Phyrexia: All Will Be One,0.01,false,NearMint,English,20231224,0.11,0.33
1,"Flicker of Fate",56,j22,Jumpstart 2022,0.3,false,NearMint,English,20231228,0.25,0.25
1,"Fling",24,otp,Breaking News,0.3,false,NearMint,English,20240414,0.15,0.15
1,"Fling",24,otp,Breaking News,0.98,true,NearMint,English,20240415,0.25,0.25
1,"Fling",24,otp,Breaking News,0.25,false,NearMint,English,20240415,0.15,0.15
1,"Flotsam // Jetsam",247,mkm,Murders at Karlov Manor,0.2,false,NearMint,English,20240319,0.2,0.2
1,"Flourishing Bloom-Kin",160,mkm,Murders at Karlov Manor,0.2,false,NearMint,English,20240321,0.2,0.2
1,"Flourishing Hunter",199,vow,Innistrad: Crimson Vow,0.03,false,NearMint,English,20231226,0.12,0.12
1,"Flourishing Hunter",662,j22,Jumpstart 2022,0.06,false,NearMint,English,20231226,0.14,0.14
1,"Flowering of the White Tree",759,ltr,The Lord of the Rings: Tales of Middle-earth,1.25,true,NearMint,English,20231224,3.98,3.98
2,"Fog on the Barrow-Downs",16,ltr,The Lord of the Rings: Tales of Middle-earth,0.01,false,NearMint,English,20231224,0.1,0.2
1,"Fog on the Barrow-Downs",16,ltr,The Lord of the Rings: Tales of Middle-earth,0.1,false,NearMint,English,20240103,0.1,0.1
3,"Fog on the Barrow-Downs",16,ltr,The Lord of the Rings: Tales of Middle-earth,0.11,false,NearMint,English,20240218,0.1,0.3
1,"Fog on the Barrow-Downs",16,ltr,The Lord of the Rings: Tales of Middle-earth,0.11,false,NearMint,English,20240226,0.1,0.1
1,"Footlight Fiend",181,rvr,Ravnica Remastered,0.15,false,NearMint,English,20240218,0.15,0.15
2,"Foray of Orcs",128,ltr,The Lord of the Rings: Tales of Middle-earth,0.01,false,NearMint,English,20231224,0.14,0.28
1,"Foray of Orcs",417,ltr,The Lord of the Rings: Tales of Middle-earth,0.01,true,NearMint,English,20231224,0.25,0.25
1,"Foray of Orcs",128,ltr,The Lord of the Rings: Tales of Middle-earth,0.15,false,NearMint,English,20240218,0.14,0.14
1,"Force of Vigor",29,otp,Breaking News,9.32,false,NearMint,English,20240414,7.9,7.9
1,"Forensic Researcher",58,mkm,Murders at Karlov Manor,0.2,false,NearMint,English,20240321,0.2,0.2
1,"Forgotten Sentinel",231,m21,Core Set 2021,0.01,false,NearMint,English,20231226,0.15,0.15
1,"Forlorn Flats",258,otj,Outlaws of Thunder Junction,0.25,true,NearMint,English,20240424,0.2,0.2
1,"Forum Familiar",16,mkm,Murders at Karlov Manor,0.2,false,NearMint,English,20240218,0.15,0.15
1,"Forum Familiar",16,mkm,Murders at Karlov Manor,0.2,false,NearMint,English,20240221,0.15,0.15
1,"Forum Familiar",16,mkm,Murders at Karlov Manor,0.15,false,NearMint,English,20240322,0.15,0.15
1,"Frantic Firebolt",130,woe,Wilds of Eldraine,0.01,false,NearMint,English,20231224,0.14,0.14
1,"Frantic Scapegoat",126,mkm,Murders at Karlov Manor,0.24,false,NearMint,English,20240218,0.2,0.2
1,"Freestrider Commando",162,otj,Outlaws of Thunder Junction,0.25,true,NearMint,English,20240415,0.15,0.15
2,"Freestrider Commando",162,otj,Outlaws of Thunder Junction,0.15,false,NearMint,English,20240421,0.12,0.24
1,"Freestrider Commando",162,otj,Outlaws of Thunder Junction,0.15,false,NearMint,English,20240422,0.12,0.12
1,"Freeze in Place",50,woe,Wilds of Eldraine,0.01,false,NearMint,English,20231224,0.15,0.15
1,"Freeze in Place",50,woe,Wilds of Eldraine,0.15,false,NearMint,English,20231227,0.15,0.15
1,"Frenzied Arynx",173,rna,Ravnica Allegiance,0.15,false,NearMint,English,20240421,0.15,0.15
2,"Friendly Rivalry",204,ltr,The Lord of the Rings: Tales of Middle-earth,0.18,false,NearMint,English,20240218,0.15,0.3
1,"Frilled Cave-Wurm",57,lci,The Lost Caverns of Ixalan,0.01,false,NearMint,English,20231224,0.1,0.1
1,"Frilled Mystic",183,rvr,Ravnica Remastered,0.2,false,NearMint,English,20240421,0.2,0.2
1,"Frodo Baggins",320,ltr,The Lord of the Rings: Tales of Middle-earth,0.01,false,NearMint,English,20231224,0.15,0.15
1,"Frodo Baggins",404,ltr,The Lord of the Rings: Tales of Middle-earth,0.23,false,NearMint,English,20231224,0.55,0.55
2,"Frodo Baggins",205,ltr,The Lord of the Rings: Tales of Middle-earth,0.01,false,NearMint,English,20231224,0.15,0.3
2,"Frodo Baggins",320,ltr,The Lord of the Rings: Tales of Middle-earth,0.15,false,NearMint,English,20240218,0.15,0.3
1,"Frodo, Sauron's Bane",18,pltr,Tales of Middle-earth Promos,2.04,true,NearMint,English,20240321,1.99,1.99
1,"Frontier Seeker",13,otj,Outlaws of Thunder Junction,0.2,false,NearMint,English,20240421,0.15,0.15
1,"Frost Lynx",388,mb1,Mystery Booster,0.2,false,NearMint,English,20240421,0.19,0.19
1,"Frostbridge Guard",14,woe,Wilds of Eldraine,0.01,false,NearMint,English,20231224,0.1,0.1
1,"Full Steam Ahead",164,otj,Outlaws of Thunder Junction,0.28,true,NearMint,English,20240415,0.2,0.2
1,"Fungal Plots",160,dom,Dominaria,0.25,false,NearMint,Russian,20240223,0.25,0.25
1,"Furnace Skullbomb",228,one,Phyrexia: All Will Be One,0.01,false,NearMint,English,20231224,0.12,0.12
1,"Furnace Strider",133,one,Phyrexia: All Will Be One,0.01,false,NearMint,English,20231224,0.11,0.11
2,"Furnace Strider",133,one,Phyrexia: All Will Be One,0.11,false,NearMint,English,20231229,0.11,0.22
1,"Fynn, the Fangbearer",316,khm,Kaldheim,0.25,false,NearMint,Russian,20240223,0.25,0.25
1,"Gadget Technician",204,mkm,Murders at Karlov Manor,0.18,false,NearMint,English,20240218,0.1,0.1
1,"Gadrak, the Crown-Scourge",146,pm21,Core Set 2021 Promos,1.82,true,NearMint,English,20231226,1.66,1.66
1,"Gadrak, the Crown-Scourge",146,m21,Core Set 2021,1.82,true,NearMint,English,20231226,0.74,0.74
2,"Gadwick's First Duel",51,woe,Wilds of Eldraine,0.01,false,NearMint,English,20231224,0.15,0.3
1,"Gadwick's First Duel",51,woe,Wilds of Eldraine,0.17,false,NearMint,English,20240319,0.15,0.15
1,"Gadwick's First Duel",51,woe,Wilds of Eldraine,0.15,false,NearMint,English,20240421,0.15,0.15
4,"Galadhrim Bow",167,ltr,The Lord of the Rings: Tales of Middle-earth,0.01,false,NearMint,English,20231224,0.1,0.4
1,"Galadhrim Bow",167,ltr,The Lord of the Rings: Tales of Middle-earth,0.03,false,NearMint,English,20231225,0.1,0.1
2,"Galadhrim Bow",167,ltr,The Lord of the Rings: Tales of Middle-earth,0.11,false,NearMint,English,20240218,0.1,0.2
1,"Galadhrim Guide",168,ltr,The Lord of the Rings: Tales of Middle-earth,0.01,false,NearMint,English,20231224,0.1,0.1
1,"Galadhrim Guide",168,ltr,The Lord of the Rings: Tales of Middle-earth,0.12,false,NearMint,English,20240218,0.1,0.1
1,"Galadhrim Guide",168,ltr,The Lord of the Rings: Tales of Middle-earth,0.14,false,NearMint,English,20240226,0.1,0.1
1,"Galadhrim Guide",168,ltr,The Lord of the Rings: Tales of Middle-earth,0.11,false,NearMint,English,20240321,0.1,0.1
1,"Galadriel of Lothlórien",206,pltr,Tales of Middle-earth Promos,1.46,false,NearMint,English,20231224,0.0,0.0
1,"Galadriel, Gift-Giver",393,ltr,The Lord of the Rings: Tales of Middle-earth,5.0,false,NearMint,English,20231224,5.67,5.67
1,"Galvanize",128,mkm,Murders at Karlov Manor,0.16,true,NearMint,English,20240321,0.16,0.16
1,"Gandalf the Grey",322,ltr,The Lord of the Rings: Tales of Middle-earth,0.05,false,NearMint,English,20231224,0.3,0.3
1,"Gandalf the White",19,ltr,The Lord of the Rings: Tales of Middle-earth,5.5,false,NearMint,English,20240105,4.51,4.51
2,"Gandalf's Sanction",208,ltr,The Lord of the Rings: Tales of Middle-earth,0.01,false,NearMint,English,20231224,0.15,0.3
3,"Gandalf's Sanction",208,ltr,The Lord of the Rings: Tales of Middle-earth,0.19,false,NearMint,English,20240218,0.15,0.45
1,"Gandalf, Friend of the Shire",308,ltr,The Lord of the Rings: Tales of Middle-earth,0.15,false,NearMint,English,20240218,0.15,0.15
1,"Gandalf, White Rider",389,ltr,The Lord of the Rings: Tales of Middle-earth,1.99,false,NearMint,English,20231224,3.57,3.57
1,"Garrison Cat",14,iko,Ikoria: Lair of Behemoths,0.2,false,NearMint,English,20240421,0.2,0.2
1,"Gatebreaker Ram",126,rna,Ravnica Allegiance,0.3,false,NearMint,English,20240421,0.3,0.3
1,"Gearbane Orangutan",129,mkm,Murders at Karlov Manor,0.18,false,NearMint,English,20240218,0.1,0.1
4,"Generous Ent",169,ltr,The Lord of the Rings: Tales of Middle-earth,0.09,false,NearMint,English,20231224,0.33,1.32
3,"Generous Ent",169,ltr,The Lord of the Rings: Tales of Middle-earth,0.35,false,NearMint,English,20240218,0.33,0.99
1,"Generous Ent",169,ltr,The Lord of the Rings: Tales of Middle-earth,0.35,false,NearMint,English,20240226,0.33,0.33
1,"Generous Stray",129,grn,Guilds of Ravnica,0.2,false,NearMint,English,20240421,0.2,0.2
1,"Geode Grotto",146,lci,The Lost Caverns of Ixalan,0.22,false,NearMint,English,20231230,0.2,0.2
1,"Geological Appraiser",150,lci,The Lost Caverns of Ixalan,1.13,true,NearMint,English,20231224,0.28,0.28
1,"Geralf's Messenger",63,plst,The List,1.99,false,NearMint,English,20240402,2.07,2.07
1,"Geralf, Visionary Stitcher",319,vow,Innistrad: Crimson Vow,0.24,false,NearMint,English,20231226,0.39,0.39
1,"Get a Leg Up",161,mkm,Murders at Karlov Manor,0.2,false,NearMint,English,20240218,0.15,0.15
1,"Getaway Glamer",14,otj,Outlaws of Thunder Junction,0.27,false,NearMint,English,20240414,0.2,0.2
1,"Geth, Thane of Contracts",438,one,Phyrexia: All Will Be One,0.0,false,NearMint,English,20231224,0.0,0.0
1,"Geyser Drake",51,otj,Outlaws of Thunder Junction,0.25,true,NearMint,English,20240414,0.15,0.15
1,"Geyser Drake",51,otj,Outlaws of Thunder Junction,0.25,false,NearMint,English,20240414,0.15,0.15
1,"Ghastly Mimicry",68,pvow,Innistrad: Crimson Vow Promos,1.95,true,NearMint,English,20231226,1.99,1.99
1,"Ghirapur Guide",665,j22,Jumpstart 2022,0.15,false,NearMint,English,20240329,0.15,0.15
1,"Ghoulraiser",102,isd,Innistrad,0.04,false,NearMint,English,20231224,0.2,0.2
1,"Giant Beaver",165,otj,Outlaws of Thunder Junction,0.24,false,NearMint,English,20240415,0.13,0.13
1,"Giant Beaver",165,otj,Outlaws of Thunder Junction,0.15,false,NearMint,English,20240421,0.13,0.13
1,"Giant Beaver",165,otj,Outlaws of Thunder Junction,0.15,false,NearMint,English,20240423,0.13,0.13
1,"Gift of Strands",170,ltr,The Lord of the Rings: Tales of Middle-earth,0.15,false,NearMint,English,20240218,0.12,0.12
1,"Gift of Wrath",143,neo,Kamigawa: Neon Dynasty,0.12,false,NearMint,English,20240319,0.11,0.11
1,"Gimli's Axe",130,ltr,The Lord of the Rings: Tales of Middle-earth,0.01,false,NearMint,English,20231224,0.1,0.1
1,"Gimli's Axe",130,ltr,The Lord of the Rings: Tales of Middle-earth,0.12,false,NearMint,English,20240218,0.1,0.1
1,"Gimli's Fury",131,ltr,The Lord of the Rings: Tales of Middle-earth,0.12,false,NearMint,English,20240103,0.1,0.1
1,"Gimli's Fury",131,ltr,The Lord of the Rings: Tales of Middle-earth,0.12,false,NearMint,English,20240105,0.1,0.1
3,"Gimli's Fury",131,ltr,The Lord of the Rings: Tales of Middle-earth,0.12,false,NearMint,English,20240218,0.1,0.3
1,"Gimli, Counter of Kills",312,ltr,The Lord of the Rings: Tales of Middle-earth,0.01,false,NearMint,English,20231224,0.15,0.15
1,"Gimli, Counter of Kills",804,ltr,The Lord of the Rings: Tales of Middle-earth,0.0,false,NearMint,English,20240226,0.0,0.0
1,"Gimli, Counter of Kills",129,ltr,The Lord of the Rings: Tales of Middle-earth,0.2,false,NearMint,English,20240321,0.19,0.19
1,"Gimli, Mournful Avenger",209,ltr,The Lord of the Rings: Tales of Middle-earth,0.03,false,NearMint,English,20231224,0.25,0.25
1,"Gitaxian Anatomist",52,one,Phyrexia: All Will Be One,0.01,false,NearMint,English,20231224,0.11,0.11
2,"Gitaxian Anatomist",52,one,Phyrexia: All Will Be One,0.12,false,NearMint,English,20231229,0.11,0.22
1,"Gitaxian Raptor",53,one,Phyrexia: All Will Be One,0.01,false,NearMint,English,20231224,0.1,0.1
1,"Glacial Fortress",497,pip,Fallout,1.69,false,NearMint,English,20240321,1.5,1.5
1,"Glamdring",239,pltr,Tales of Middle-earth Promos,5.3,true,NearMint,English,20240226,5.6,5.6
1,"Gleaming Geardrake",424,mkm,Murders at Karlov Manor,2.49,true,NearMint,English,20240218,0.89,0.89
1,"Glistener Seer",54,one,Phyrexia: All Will Be One,0.01,false,NearMint,English,20231224,0.11,0.11
3,"Glorifier of Suffering",15,lci,The Lost Caverns of Ixalan,0.01,false,NearMint,English,20231224,0.1,0.3
1,"Glorifier of Suffering",15,lci,The Lost Caverns of Ixalan,0.15,false,NearMint,English,20231230,0.1,0.1
1,"Glorious Gale",51,ltr,The Lord of the Rings: Tales of Middle-earth,0.15,false,NearMint,English,20240218,0.15,0.15
1,"Glorious Gale",51,ltr,The Lord of the Rings: Tales of Middle-earth,0.15,false,NearMint,English,20240321,0.15,0.15
1,"Glowspore Shaman",173,grn,Guilds of Ravnica,0.2,false,NearMint,English,20240218,0.2,0.2
1,"Glóin, Dwarf Emissary",132,pltr,Tales of Middle-earth Promos,0.0,false,NearMint,English,20231224,0.0,0.0
1,"Glóin, Dwarf Emissary",771,ltr,The Lord of the Rings: Tales of Middle-earth,0.5,true,NearMint,English,20240103,0.49,0.49
3,"Goblin Assailant",295,ltr,The Lord of the Rings: Tales of Middle-earth,0.01,false,NearMint,English,20231224,0.15,0.45
4,"Goblin Electromancer",220,c15,Commander 2015,0.19,false,NearMint,English,20231224,0.25,1.0
1,"Goblin Fireleaper",133,ltr,The Lord of the Rings: Tales of Middle-earth,0.03,true,NearMint,English,20231224,0.2,0.2
1,"Goblin Fireleaper",133,ltr,The Lord of the Rings: Tales of Middle-earth,0.01,false,NearMint,English,20231224,0.13,0.13
1,"Gold Pan",242,otj,Outlaws of Thunder Junction,0.11,false,NearMint,English,20240422,0.11,0.11
1,"Gold Rush",166,otj,Outlaws of Thunder Junction,0.35,false,NearMint,English,20240414,0.15,0.15
1,"Goldberry, River-Daughter",52,ltr,The Lord of the Rings: Tales of Middle-earth,0.49,false,NearMint,English,20240218,0.45,0.45
2,"Goldwarden's Helm",13,one,Phyrexia: All Will Be One,0.01,false,NearMint,English,20231224,0.13,0.26
1,"Golgari Grave-Troll",348,rvr,Ravnica Remastered,0.97,false,NearMint,English,20240218,0.97,0.97
1,"Golgari Raiders",130,grn,Guilds of Ravnica,0.2,false,NearMint,English,20240319,0.19,0.19
1,"Gollum's Bite",85,ltr,The Lord of the Rings: Tales of Middle-earth,0.13,true,NearMint,English,20231225,0.25,0.25
1,"Gollum's Bite",85,ltr,The Lord of the Rings: Tales of Middle-earth,0.15,false,NearMint,English,20240218,0.15,0.15
1,"Gollum's Bite",85,ltr,The Lord of the Rings: Tales of Middle-earth,0.15,false,NearMint,English,20240226,0.15,0.15
1,"Gollum, Patient Plotter",801,ltr,The Lord of the Rings: Tales of Middle-earth,0.0,false,NearMint,English,20231224,0.0,0.0
1,"Gollum, Patient Plotter",801,ltr,The Lord of the Rings: Tales of Middle-earth,0.25,true,NearMint,English,20240218,0.25,0.25
1,"Gollum, Patient Plotter",84,ltr,The Lord of the Rings: Tales of Middle-earth,0.01,false,NearMint,English,20231224,0.15,0.15
1,"Gollum, Patient Plotter",84,ltr,The Lord of the Rings: Tales of Middle-earth,0.2,false,NearMint,English,20240226,0.15,0.15
1,"Gollum, Scheming Guide",292,ltr,The Lord of the Rings: Tales of Middle-earth,0.55,false,NearMint,English,20231224,0.99,0.99
1,"Gorbag of Minas Morgul",86,ltr,The Lord of the Rings: Tales of Middle-earth,0.01,false,NearMint,English,20231224,0.15,0.15
1,"Gorbag of Minas Morgul",86,ltr,The Lord of the Rings: Tales of Middle-earth,0.16,false,NearMint,English,20240321,0.15,0.15
2,"Goremand",163,cmm,Commander Masters,0.03,false,NearMint,English,20231226,0.15,0.3
1,"Gothmog, Morgul Lieutenant",87,ltr,The Lord of the Rings: Tales of Middle-earth,0.01,false,NearMint,English,20231224,0.15,0.15
1,"Gothmog, Morgul Lieutenant",429,ltr,The Lord of the Rings: Tales of Middle-earth,0.01,false,NearMint,English,20231224,0.2,0.2
1,"Gothmog, Morgul Lieutenant",87,ltr,The Lord of the Rings: Tales of Middle-earth,0.15,false,NearMint,English,20240218,0.15,0.15
1,"Gothmog, Morgul Lieutenant",429,ltr,The Lord of the Rings: Tales of Middle-earth,0.2,false,NearMint,English,20240218,0.2,0.2
1,"Gothmog, Morgul Lieutenant",87,ltr,The Lord of the Rings: Tales of Middle-earth,0.15,false,NearMint,English,20240226,0.15,0.15
2,"Grabby Giant // That's Mine",133,woe,Wilds of Eldraine,0.01,false,NearMint,English,20231224,0.15,0.3
1,"Graceful Takedown",171,woe,Wilds of Eldraine,0.01,false,NearMint,English,20231224,0.15,0.15
2,"Granite Witness",206,mkm,Murders at Karlov Manor,0.15,false,NearMint,English,20240218,0.1,0.2
1,"Granite Witness",206,mkm,Murders at Karlov Manor,0.15,false,NearMint,English,20240221,0.1,0.1
1,"Granite Witness",206,mkm,Murders at Karlov Manor,0.15,false,NearMint,English,20240223,0.1,0.1
1,"Grasp of Darkness",85,ogw,Oath of the Gatewatch,0.08,false,NearMint,English,20231226,0.23,0.23
2,"Grasp of Darkness",30,gn2,Game Night 2019,0.18,false,NearMint,English,20231226,0.25,0.5
1,"Grasp of Fate",3,wot,Wilds of Eldraine: Enchanting Tales,0.03,false,NearMint,English,20231224,0.25,0.25
1,"Grasping Shadows",108,lci,The Lost Caverns of Ixalan,0.01,false,NearMint,English,20231224,0.15,0.15
1,"Gravedigger",424,j22,Jumpstart 2022,0.01,false,NearMint,English,20231224,0.15,0.15
2,"Gravestone Strider",252,mkm,Murders at Karlov Manor,0.2,false,NearMint,English,20240218,0.1,0.2
1,"Gravestone Strider",252,mkm,Murders at Karlov Manor,0.19,false,NearMint,English,20240221,0.1,0.1
2,"Graypelt Refuge",316,ltc,Tales of Middle-earth Commander,0.02,false,NearMint,English,20231224,0.2,0.4
1,"Great Hall of the Citadel",254,ltr,The Lord of the Rings: Tales of Middle-earth,0.05,false,NearMint,English,20231224,0.22,0.22
1,"Great Hall of the Citadel",254,ltr,The Lord of the Rings: Tales of Middle-earth,0.25,false,NearMint,English,20240105,0.22,0.22
3,"Great Hall of the Citadel",254,ltr,The Lord of the Rings: Tales of Middle-earth,0.25,false,NearMint,English,20240218,0.22,0.66
1,"Great Hall of the Citadel",254,ltr,The Lord of the Rings: Tales of Middle-earth,0.25,false,NearMint,English,20240226,0.22,0.22
2,"Greenbelt Radical",163,mkm,Murders at Karlov Manor,0.2,false,NearMint,English,20240218,0.15,0.3
1,"Grey Havens Navigator",53,ltr,The Lord of the Rings: Tales of Middle-earth,0.01,false,NearMint,English,20231224,0.12,0.12
5,"Grey Havens Navigator",53,ltr,The Lord of the Rings: Tales of Middle-earth,0.14,false,NearMint,English,20240218,0.12,0.6
1,"Griffin Aerie",17,pagl,Angels: They're Just Like Us but Cooler and with Wings,0.04,false,NearMint,English,20231224,0.25,0.25
1,"Griffnaut Tracker",17,mkm,Murders at Karlov Manor,0.15,false,NearMint,English,20240218,0.1,0.1
3,"Grim Physician",100,thb,Theros Beyond Death,0.02,false,NearMint,English,20231226,0.15,0.45
1,"Grishnákh, Brash Instigator",134,ltr,The Lord of the Rings: Tales of Middle-earth,0.01,false,NearMint,English,20231224,0.15,0.15
1,"Grishnákh, Brash Instigator",134,ltr,The Lord of the Rings: Tales of Middle-earth,0.15,false,NearMint,English,20231227,0.15,0.15
2,"Grond, the Gatebreaker",89,ltr,The Lord of the Rings: Tales of Middle-earth,0.01,false,NearMint,English,20231224,0.15,0.3
1,"Grond, the Gatebreaker",89,ltr,The Lord of the Rings: Tales of Middle-earth,0.25,true,NearMint,English,20240105,0.25,0.25
1,"Growing Rites of Itlimoc",380,lci,The Lost Caverns of Ixalan,5.22,true,NearMint,English,20231230,4.85,4.85
1,"Growing Rites of Itlimoc",380,lci,The Lost Caverns of Ixalan,4.0,false,NearMint,English,20240103,3.67,3.67
1,"Grunn, the Lonely King",165,dom,Dominaria,0.25,false,NearMint,Russian,20240223,0.25,0.25
1,"Gruul Guildgate",243,gtc,Gatecrash,0.2,false,NearMint,English,20240422,0.2,0.2
2,"Gríma Wormtongue",88,ltr,The Lord of the Rings: Tales of Middle-earth,0.01,false,NearMint,English,20231224,0.15,0.3
3,"Gríma Wormtongue",88,ltr,The Lord of the Rings: Tales of Middle-earth,0.18,false,NearMint,English,20240218,0.15,0.45
1,"Gríma Wormtongue",88,ltr,The Lord of the Rings: Tales of Middle-earth,0.17,false,NearMint,English,20240319,0.15,0.15
1,"Guardian of Ghirapur",345,mom,March of the Machine,0.2,true,Mint,English,20231224,0.49,0.49
1,"Guardian of the Great Door",16,lci,The Lost Caverns of Ixalan,0.01,false,NearMint,English,20231224,0.15,0.15
1,"Guardian of the Great Door",16,lci,The Lost Caverns of Ixalan,0.04,true,NearMint,English,20231224,0.25,0.25
1,"Guardian of the Great Door",16,lci,The Lost Caverns of Ixalan,0.15,false,NearMint,English,20231230,0.15,0.15
1,"Guardians of Oboro",56,neo,Kamigawa: Neon Dynasty,0.11,false,NearMint,English,20240319,0.1,0.1
1,"Guardians of Oboro",317,neo,Kamigawa: Neon Dynasty,0.11,false,NearMint,English,20240319,0.1,0.1
1,"Guidestone Compass",62,lci,The Lost Caverns of Ixalan,0.18,false,NearMint,English,20231230,0.15,0.15
3,"Gulping Scraptrap",96,one,Phyrexia: All Will Be One,0.01,false,NearMint,English,20231224,0.15,0.45
1,"Guttersnipe",332,rvr,Ravnica Remastered,0.28,false,NearMint,English,20240218,0.28,0.28
1,"Gwaihir the Windlord",210,ltr,The Lord of the Rings: Tales of Middle-earth,0.15,false,NearMint,English,20240103,0.15,0.15
1,"Gwaihir the Windlord",210,ltr,The Lord of the Rings: Tales of Middle-earth,0.15,false,NearMint,English,20240218,0.15,0.15
1,"Gwaihir the Windlord",210,ltr,The Lord of the Rings: Tales of Middle-earth,0.15,false,NearMint,English,20240226,0.15,0.15
2,"Haazda Vigilante",18,mkm,Murders at Karlov Manor,0.2,false,NearMint,English,20240218,0.1,0.2
1,"Half-Elf Monk",19,afr,Adventures in the Forgotten Realms,0.15,false,NearMint,English,20240421,0.15,0.15
1,"Hancock, Ghoulish Mayor",910,pip,Fallout,3.65,true,NearMint,English,20240321,2.1,2.1
3,"Haradrim Spearmaster",135,ltr,The Lord of the Rings: Tales of Middle-earth,0.01,false,NearMint,English,20231224,0.1,0.3
2,"Haradrim Spearmaster",135,ltr,The Lord of the Rings: Tales of Middle-earth,0.11,false,NearMint,English,20240218,0.1,0.2
1,"Hard-Hitting Question",164,mkm,Murders at Karlov Manor,0.25,false,NearMint,English,20240222,0.25,0.25
1,"Hardbristle Bandit",168,otj,Outlaws of Thunder Junction,0.25,false,NearMint,English,20240415,0.13,0.13
1,"Hardbristle Bandit",168,otj,Outlaws of Thunder Junction,0.12,false,NearMint,English,20240421,0.13,0.13
1,"Hardened Scales",55,wot,Wilds of Eldraine: Enchanting Tales,1.9,false,NearMint,English,20240402,1.61,1.61
1,"Harried Dronesmith",131,mkm,Murders at Karlov Manor,0.15,false,NearMint,English,20240321,0.15,0.15
1,"Harried Spearguard",135,woe,Wilds of Eldraine,0.01,false,NearMint,English,20231224,0.12,0.12
1,"Harrier Strix",52,otj,Outlaws of Thunder Junction,0.25,false,NearMint,English,20240415,0.12,0.12
3,"Haunt of the Dead Marshes",90,ltr,The Lord of the Rings: Tales of Middle-earth,0.01,false,NearMint,English,20231224,0.15,0.45
1,"Haunt of the Dead Marshes",90,ltr,The Lord of the Rings: Tales of Middle-earth,0.15,false,NearMint,English,20240226,0.15,0.15
1,"Hazardous Blast",135,one,Phyrexia: All Will Be One,0.01,false,NearMint,English,20231224,0.15,0.15
1,"Hazardous Blast",135,one,Phyrexia: All Will Be One,0.15,false,NearMint,English,20240305,0.15,0.15
3,"Heartfire Immolator",150,m21,Core Set 2021,0.02,false,NearMint,English,20231226,0.15,0.45
2,"Hearth Elemental // Stoke Genius",136,woe,Wilds of Eldraine,0.01,false,NearMint,English,20231224,0.15,0.3
1,"Hedge Whisperer",165,mkm,Murders at Karlov Manor,0.2,false,NearMint,English,20240222,0.15,0.15
1,"Helldozer",88,plst,The List,1.5,false,NearMint,English,20240402,1.57,1.57
1,"Hellspur Posse Boss",128,otj,Outlaws of Thunder Junction,0.58,false,NearMint,English,20240414,0.25,0.25
2,"Hermitic Nautilus",58,lci,The Lost Caverns of Ixalan,0.01,false,NearMint,English,20231224,0.13,0.26
1,"Hero of the Pride",22,thb,Theros Beyond Death,0.15,false,NearMint,English,20240421,0.15,0.15
1,"Heron of Hope",18,vow,Innistrad: Crimson Vow,0.01,false,NearMint,English,20231226,0.15,0.15
1,"Hew the Entwood",361,ltr,The Lord of the Rings: Tales of Middle-earth,0.83,false,NearMint,English,20240103,0.75,0.75
1,"Hew the Entwood",136,pltr,Tales of Middle-earth Promos,0.0,false,NearMint,English,20240218,0.0,0.0
1,"Hidden Cataract",273,lci,The Lost Caverns of Ixalan,0.01,false,NearMint,English,20231224,0.13,0.13
1,"Hidden Cataract",273,lci,The Lost Caverns of Ixalan,0.14,false,NearMint,English,20231230,0.13,0.13
1,"Hidden Courtyard",274,lci,The Lost Caverns of Ixalan,0.01,false,NearMint,English,20231224,0.12,0.12
2,"Hidden Courtyard",274,lci,The Lost Caverns of Ixalan,0.15,false,NearMint,English,20231230,0.12,0.24
1,"Hidden Nursery",276,lci,The Lost Caverns of Ixalan,0.05,true,NearMint,English,20231224,0.24,0.24
1,"Hidden Nursery",276,lci,The Lost Caverns of Ixalan,0.01,false,NearMint,English,20231224,0.15,0.15
1,"Hidden Volcano",277,lci,The Lost Caverns of Ixalan,0.01,false,NearMint,English,20231224,0.13,0.13
1,"Highway Robbery",129,otj,Outlaws of Thunder Junction,0.2,false,NearMint,English,20240422,0.16,0.16
2,"Hindering Light",46,otp,Breaking News,0.46,true,NearMint,English,20240414,0.2,0.4
1,"Historian's Wisdom",192,neo,Kamigawa: Neon Dynasty,0.12,false,NearMint,English,20240319,0.14,0.14
1,"Hit the Mother Lode",153,lci,The Lost Caverns of Ixalan,0.49,true,NearMint,English,20231230,0.49,0.49
1,"Hithlain Knots",54,ltr,The Lord of the Rings: Tales of Middle-earth,0.01,false,NearMint,English,20231224,0.15,0.15
1,"Hithlain Knots",54,ltr,The Lord of the Rings: Tales of Middle-earth,0.03,false,NearMint,English,20231225,0.15,0.15
1,"Hithlain Knots",54,ltr,The Lord of the Rings: Tales of Middle-earth,0.15,false,NearMint,English,20240218,0.15,0.15
1,"Hoarding Broodlord",110,mom,March of the Machine,1.49,true,NearMint,English,20240218,2.0,2.0
2,"Hobbit's Sting",20,ltr,The Lord of the Rings: Tales of Middle-earth,0.01,false,NearMint,English,20231224,0.15,0.3
1,"Hobbit's Sting",20,ltr,The Lord of the Rings: Tales of Middle-earth,0.15,false,NearMint,English,20240105,0.15,0.15
2,"Hobbit's Sting",20,ltr,The Lord of the Rings: Tales of Middle-earth,0.15,false,NearMint,English,20240218,0.15,0.3
1,"Hobbit's Sting",20,ltr,The Lord of the Rings: Tales of Middle-earth,0.15,false,NearMint,English,20240226,0.15,0.15
1,"Hollow Marauder",90,otj,Outlaws of Thunder Junction,0.15,false,NearMint,English,20240421,0.15,0.15
1,"Hollow Scavenger // Bakery Raid",174,woe,Wilds of Eldraine,0.01,false,NearMint,English,20231224,0.1,0.1
1,"Holy Cow",16,otj,Outlaws of Thunder Junction,0.23,false,NearMint,English,20240414,0.15,0.15
1,"Holy Cow",16,otj,Outlaws of Thunder Junction,0.23,false,NearMint,English,20240415,0.15,0.15
1,"Homicide Investigator",86,mkm,Murders at Karlov Manor,0.35,false,NearMint,English,20240319,0.29,0.29
1,"Honest Rutstein",207,otj,Outlaws of Thunder Junction,0.34,false,NearMint,English,20240415,0.43,0.43
1,"Horn of Gondor",240,pltr,Tales of Middle-earth Promos,0.0,false,NearMint,English,20240226,0.0,0.0
1,"Horn of the Mark",241,pltr,Tales of Middle-earth Promos,0.0,false,NearMint,English,20231224,0.0,0.0
1,"Horses of the Bruinen",55,ltr,The Lord of the Rings: Tales of Middle-earth,0.01,false,NearMint,English,20231224,0.15,0.15
1,"Hostile Takeover",191,psnc,Streets of New Capenna Promos,0.49,true,NearMint,English,20240308,0.49,0.49
1,"Hostile Takeover",191,psnc,Streets of New Capenna Promos,0.49,true,NearMint,English,20240319,0.49,0.49
1,"Hotshot Investigators",60,mkm,Murders at Karlov Manor,0.15,false,NearMint,English,20240218,0.1,0.1
1,"Hoverstone Pilgrim",254,lci,The Lost Caverns of Ixalan,0.01,false,NearMint,English,20231224,0.15,0.15
1,"Howl of the Night Pack",187,m10,Magic 2010,0.3,false,NearMint,English,20240329,0.31,0.31
1,"Huatli's Final Strike",190,lci,The Lost Caverns of Ixalan,0.01,false,NearMint,English,20231224,0.1,0.1
1,"Hunter's Blowgun",255,lci,The Lost Caverns of Ixalan,0.01,false,NearMint,English,20231224,0.11,0.11
1,"Huntmaster Liger",16,iko,Ikoria: Lair of Behemoths,0.25,false,NearMint,English,20240421,0.25,0.25
1,"Hylda's Crown of Winter",247,pwoe,Wilds of Eldraine Promos,1.5,false,NearMint,English,20231224,1.37,1.37
1,"Hypothesizzle",48,otp,Breaking News,0.35,false,NearMint,English,20240414,0.13,0.13
1,"Ice Out",54,woe,Wilds of Eldraine,0.01,false,NearMint,English,20231224,0.11,0.11
3,"Iceberg Titan",60,lci,The Lost Caverns of Ixalan,0.01,false,NearMint,English,20231224,0.1,0.3
1,"Icewrought Sentry",55,woe,Wilds of Eldraine,0.01,false,NearMint,English,20231224,0.15,0.15
1,"Ichorspit Basilisk",170,one,Phyrexia: All Will Be One,0.01,false,NearMint,English,20231224,0.15,0.15
1,"Idol of the Deep King",155,lci,The Lost Caverns of Ixalan,0.01,false,NearMint,English,20231224,0.1,0.1
1,"Idol of the Deep King",155,lci,The Lost Caverns of Ixalan,0.14,false,NearMint,English,20240103,0.1,0.1
1,"Ill-Gotten Inheritance",77,rna,Ravnica Allegiance,0.2,false,NearMint,English,20240218,0.2,0.2
1,"Ill-Timed Explosion",207,mkm,Murders at Karlov Manor,0.35,false,NearMint,English,20240218,0.35,0.35
1,"Ill-Timed Explosion",416,mkm,Murders at Karlov Manor,0.4,false,NearMint,English,20240321,0.5,0.5
1,"Imodane's Recruiter // Train Troops",229,woe,Wilds of Eldraine,0.01,false,NearMint,English,20231224,0.28,0.28
1,"Imp's Mischief",15,otp,Breaking News,1.32,false,NearMint,English,20240422,1.0,1.0
1,"Impeccable Timing",195,j22,Jumpstart 2022,0.01,false,NearMint,English,20231224,0.15,0.15
1,"Imperial Moth",4,neo,Kamigawa: Neon Dynasty,0.1,false,NearMint,English,20240319,0.1,0.1
1,"Imperial Oath",17,neo,Kamigawa: Neon Dynasty,0.15,false,NearMint,English,20240319,0.15,0.15
1,"Imperial Subduer",19,neo,Kamigawa: Neon Dynasty,0.14,false,NearMint,English,20240319,0.13,0.13
2,"Improvised Club",137,ltr,The Lord of the Rings: Tales of Middle-earth,0.15,false,NearMint,English,20231229,0.15,0.3
1,"Improvised Club",137,ltr,The Lord of the Rings: Tales of Middle-earth,0.15,false,NearMint,English,20240105,0.15,0.15
1,"Improvised Club",137,ltr,The Lord of the Rings: Tales of Middle-earth,0.15,false,NearMint,English,20240218,0.15,0.15
1,"Incinerator of the Guilty",132,mkm,Murders at Karlov Manor,3.16,false,NearMint,English,20240218,1.25,1.25
2,"Incisor Glider",15,one,Phyrexia: All Will Be One,0.01,false,NearMint,English,20231224,0.1,0.2
2,"Incubation Sac",171,one,Phyrexia: All Will Be One,0.01,false,NearMint,English,20231224,0.15,0.3
1,"Indoraptor, the Perfect Hybrid",15,rex,Jurassic World Collection,6.55,false,NearMint,English,20231227,4.7,4.7
2,"Infectious Inquiry",97,one,Phyrexia: All Will Be One,0.05,false,NearMint,English,20231224,0.25,0.5
1,"Infernal Scarring",102,ori,Magic Origins,0.04,false,NearMint,English,20231226,0.15,0.15
1,"Infernal Sovereign",75,moc,March of the Machine Commander,1.05,false,NearMint,English,20240402,1.05,1.05
2,"Infuriate",141,thb,Theros Beyond Death,0.05,false,NearMint,English,20231226,0.15,0.3
1,"Inga and Esika",229,pmom,March of the Machine Promos,0.86,false,NearMint,English,20240321,0.77,0.77
1,"Ingenious Leonin",5,j22,Jumpstart 2022,0.01,false,NearMint,English,20231224,0.15,0.15
3,"Inherited Envelope",242,ltr,The Lord of the Rings: Tales of Middle-earth,0.2,false,NearMint,English,20240218,0.15,0.45
2,"Inherited Envelope",242,ltr,The Lord of the Rings: Tales of Middle-earth,0.2,false,NearMint,English,20240226,0.15,0.3
2,"Inkling Summoning",195,stx,Strixhaven: School of Mages,0.13,false,NearMint,English,20240329,0.1,0.2
1,"Innocent Bystander",133,mkm,Murders at Karlov Manor,0.18,false,NearMint,English,20240218,0.1,0.1
1,"Insatiable Avarice",91,otj,Outlaws of Thunder Junction,6.95,true,NearMint,English,20240414,5.23,5.23
1,"Insatiable Avarice",91,otj,Outlaws of Thunder Junction,5.22,false,NearMint,English,20240414,4.5,4.5
1,"Inside Source",19,mkm,Murders at Karlov Manor,0.2,false,NearMint,English,20240218,0.11,0.11
2,"Inspired Idea",64,pvow,Innistrad: Crimson Vow Promos,0.27,true,NearMint,English,20231226,0.5,1.0
1,"Inspiring Overseer",200,j22,Jumpstart 2022,0.3,false,NearMint,English,20231228,0.25,0.25
1,"Intimidation Campaign",208,otj,Outlaws of Thunder Junction,0.37,true,NearMint,English,20240414,0.2,0.2
1,"Intimidation Campaign",208,otj,Outlaws of Thunder Junction,0.28,false,NearMint,English,20240414,0.15,0.15
1,"Intimidation Campaign",208,otj,Outlaws of Thunder Junction,0.17,false,NearMint,English,20240421,0.15,0.15
1,"Into the Fire",364,mom,March of the Machine,0.19,false,NearMint,English,20231224,0.49,0.49
1,"Into the Fire",144,mom,March of the Machine,0.35,false,NearMint,English,20240407,0.35,0.35
1,"Into the Night",163,vow,Innistrad: Crimson Vow,0.07,false,NearMint,English,20231226,0.2,0.2
1,"Intrepid Stablemaster",169,otj,Outlaws of Thunder Junction,0.25,false,NearMint,English,20240415,0.15,0.15
1,"Invasion of Amonkhet",231,mom,March of the Machine,0.25,false,NearMint,English,20240407,0.25,0.25
1,"Invasion of Azgol",232,mom,March of the Machine,0.15,false,NearMint,English,20240328,0.15,0.15
1,"Inventive Wingsmith",17,otj,Outlaws of Thunder Junction,0.3,false,NearMint,English,20240414,0.1,0.1
3,"Inverted Iceberg",60,lci,The Lost Caverns of Ixalan,0.01,false,NearMint,English,20231224,0.1,0.3
1,"Invigorating Surge",190,m21,Core Set 2021,0.42,false,NearMint,Russian,20240223,0.36,0.36
3,"Ioreth of the Healing House",56,ltr,The Lord of the Rings: Tales of Middle-earth,0.2,false,NearMint,English,20240218,0.2,0.6
1,"Irascible Wolverine",130,otj,Outlaws of Thunder Junction,0.25,true,NearMint,English,20240415,0.15,0.15
1,"Irascible Wolverine",130,otj,Outlaws of Thunder Junction,0.15,false,NearMint,English,20240422,0.1,0.1
1,"Iridescent Hornbeetle",187,znr,Zendikar Rising,0.25,false,NearMint,Russian,20240223,0.25,0.25
1,"Iron-Fist Pulverizer",131,otj,Outlaws of Thunder Junction,0.23,false,NearMint,English,20240414,0.14,0.14
1,"Ironpaw Aspirant",18,lci,The Lost Caverns of Ixalan,0.01,false,NearMint,English,20231224,0.1,0.1
1,"Island",257,dom,Dominaria,0.06,false,NearMint,English,20231224,0.19,0.19
2,"Island",126,gn3,Game Night: Free-for-All,0.04,false,NearMint,English,20231224,0.25,0.5
1,"Island",293,c19,Commander 2019,0.08,false,NearMint,English,20231224,0.15,0.15
1,"Island",256,dom,Dominaria,0.09,false,NearMint,English,20231224,0.15,0.15
2,"Island",255,dom,Dominaria,0.06,false,NearMint,English,20231224,0.15,0.3
2,"Island",254,dom,Dominaria,0.08,false,NearMint,English,20231226,0.19,0.38
1,"Isolated Chapel",500,pip,Fallout,2.87,true,NearMint,English,20240329,2.54,2.54
1,"Isolation at Orthanc",57,ltr,The Lord of the Rings: Tales of Middle-earth,0.01,false,NearMint,English,20231224,0.1,0.1
1,"Isolation at Orthanc",57,ltr,The Lord of the Rings: Tales of Middle-earth,0.11,false,NearMint,English,20240218,0.1,0.1
1,"Isolation at Orthanc",508,ltr,The Lord of the Rings: Tales of Middle-earth,0.24,false,NearMint,English,20240218,0.22,0.22
1,"Isolation at Orthanc",57,ltr,The Lord of the Rings: Tales of Middle-earth,0.11,false,NearMint,English,20240319,0.1,0.1
1,"It Doesn't Add Up",89,mkm,Murders at Karlov Manor,0.2,false,NearMint,English,20240221,0.15,0.15
4,"Ithilien Kingfisher",58,ltr,The Lord of the Rings: Tales of Middle-earth,0.01,false,NearMint,English,20231224,0.1,0.4
1,"Ithilien Kingfisher",58,ltr,The Lord of the Rings: Tales of Middle-earth,0.12,false,NearMint,English,20240218,0.1,0.1
1,"Itlimoc, Cradle of the Sun",380,lci,The Lost Caverns of Ixalan,5.22,true,NearMint,English,20231230,4.85,4.85
1,"Itlimoc, Cradle of the Sun",380,lci,The Lost Caverns of Ixalan,4.0,false,NearMint,English,20240103,3.67,3.67
1,"Izoni, Center of the Web",362,mkm,Murders at Karlov Manor,0.4,false,NearMint,English,20240222,0.25,0.25
3,"Izzet Guildgate",253,c19,Commander 2019,0.13,false,NearMint,English,20231224,0.25,0.75
1,"Izzet Guildgate",251,grn,Guilds of Ravnica,0.08,false,NearMint,English,20231224,0.16,0.16
1,"Jaded Analyst",62,mkm,Murders at Karlov Manor,0.18,false,NearMint,English,20240218,0.1,0.1
2,"Jaded Analyst",62,mkm,Murders at Karlov Manor,0.15,false,NearMint,English,20240221,0.1,0.2
1,"Jagged Barrens",259,otj,Outlaws of Thunder Junction,0.25,false,NearMint,English,20240414,0.21,0.21
1,"Jagged-Scar Archers",72,dpa,Duels of the Planeswalkers,0.73,false,NearMint,English,20240319,0.71,0.71
1,"Jailbreak Scheme",53,otj,Outlaws of Thunder Junction,0.22,false,NearMint,English,20240414,0.12,0.12
1,"Jailbreak Scheme",53,otj,Outlaws of Thunder Junction,0.15,false,NearMint,English,20240421,0.12,0.12
1,"Jazal Goldmane",102,dmc,Dominaria United Commander,0.39,false,NearMint,English,20240421,0.4,0.4
1,"Jedit Ojanen of Efrava",131,plst,The List,2.0,false,NearMint,English,20240402,3.67,3.67
1,"Jegantha, the Wellspring",44,mul,Multiverse Legends,0.9,false,NearMint,English,20240407,0.99,0.99
1,"Jiang Yanggu, Wildcrafter",164,war,War of the Spark,0.42,false,NearMint,English,20240421,0.42,0.42
1,"Johann, Apprentice Sorcerer",207,woe,Wilds of Eldraine,0.03,false,NearMint,English,20231226,0.15,0.15
1,"Jolene, Plundering Pugilist",210,otj,Outlaws of Thunder Junction,0.25,false,NearMint,English,20240414,0.19,0.19
1,"Jolrael, Voice of Zhalfir",230,mat,March of the Machine: The Aftermath,0.4,true,NearMint,English,20240402,0.35,0.35
1,"Jukai Trainee",196,neo,Kamigawa: Neon Dynasty,0.1,false,NearMint,English,20240319,0.1,0.1
1,"Jungle Hollow",270,mom,March of the Machine,0.2,false,NearMint,English,20240407,0.2,0.2
1,"Jungle Hollow",270,mom,March of the Machine,0.2,false,NearMint,English,20240422,0.2,0.2
1,"Jungle Shrine",74,pctb,From Cute to Brute,0.55,false,NearMint,English,20240410,0.48,0.48
1,"Junktroller",264,rav,Ravnica: City of Guilds,0.26,false,NearMint,English,20240218,0.25,0.25
1,"Junkyard Genius",214,bro,The Brothers' War,0.15,false,NearMint,English,20240103,0.15,0.15
1,"Kambal, Profiteering Mayor",211,otj,Outlaws of Thunder Junction,3.08,true,NearMint,English,20240415,2.16,2.16
1,"Kami of Industry",149,neo,Kamigawa: Neon Dynasty,0.1,false,NearMint,English,20240319,0.1,0.1
1,"Kami of Whispered Hopes",196,mom,March of the Machine,1.28,false,NearMint,English,20240218,2.02,2.02
1,"Kami of Whispered Hopes",383,mom,March of the Machine,1.59,false,NearMint,English,20240218,2.12,2.12
1,"Karok Wrangler",135,stx,Strixhaven: School of Mages,0.16,false,NearMint,Russian,20240223,0.15,0.15
1,"Keeper of Progenitus",135,ala,Shards of Alara,1.25,false,NearMint,English,20240402,1.2,1.2
3,"Keral Keep Disciples",334,m21,Core Set 2021,0.22,false,NearMint,English,20231226,0.3,0.9
1,"Kindled Heroism",138,woe,Wilds of Eldraine,0.01,false,NearMint,English,20231224,0.1,0.1
1,"Kindled Heroism",138,woe,Wilds of Eldraine,0.01,true,NearMint,English,20231224,0.15,0.15
4,"Kindled Heroism",138,woe,Wilds of Eldraine,0.1,false,NearMint,English,20240223,0.1,0.4
1,"Kindly Ancestor",22,vow,Innistrad: Crimson Vow,0.01,false,NearMint,English,20231226,0.1,0.1
1,"King of the Oathbreakers",211,pltr,Tales of Middle-earth Promos,1.35,true,NearMint,English,20240218,1.3,1.3
1,"King of the Pride",57,j22,Jumpstart 2022,0.14,false,NearMint,English,20231224,0.33,0.33
1,"Kinjalli's Dawnrunner",19,lci,The Lost Caverns of Ixalan,0.01,false,NearMint,English,20231224,0.13,0.13
1,"Kinjalli's Dawnrunner",19,lci,The Lost Caverns of Ixalan,0.15,false,NearMint,English,20231230,0.13,0.13
1,"Kirri, Talented Sprout",43,otc,Outlaws of Thunder Junction Commander,5.0,true,NearMint,English,20240414,0.93,0.93
1,"Knife",134,mkm,Murders at Karlov Manor,0.25,true,NearMint,English,20240218,0.2,0.2
1,"Knife",134,mkm,Murders at Karlov Manor,0.2,false,NearMint,English,20240218,0.15,0.15
1,"Knife",134,mkm,Murders at Karlov Manor,0.2,false,NearMint,English,20240221,0.15,0.15
3,"Knight of the Keep",291,ltr,The Lord of the Rings: Tales of Middle-earth,0.01,false,NearMint,English,20231224,0.15,0.45
1,"Knights of Dol Amroth",59,ltr,The Lord of the Rings: Tales of Middle-earth,0.01,false,NearMint,English,20231224,0.1,0.1
1,"Knights of Dol Amroth",432,ltr,The Lord of the Rings: Tales of Middle-earth,0.01,false,NearMint,English,20231224,0.12,0.12
3,"Knights of Dol Amroth",59,ltr,The Lord of the Rings: Tales of Middle-earth,0.12,false,NearMint,English,20240218,0.1,0.3
1,"Korvold and the Noble Thief",139,woe,Wilds of Eldraine,0.01,false,NearMint,English,20231224,0.15,0.15
1,"Kraul Whipcracker",213,mkm,Murders at Karlov Manor,0.24,false,NearMint,English,20240218,0.2,0.2
1,"Kraul Whipcracker",213,mkm,Murders at Karlov Manor,0.2,false,NearMint,English,20240411,0.2,0.2
1,"Kraum, Violent Cacophony",214,otj,Outlaws of Thunder Junction,0.25,true,NearMint,English,20240424,0.23,0.23
1,"Krenko's Buzzcrusher",136,pmkm,Murders at Karlov Manor Promos,0.89,false,NearMint,English,20240329,0.81,0.81
1,"Krosan Tusker",272,ons,Onslaught,0.24,false,NearMint,English,20240218,0.25,0.25
1,"Kuldotha Cackler",139,one,Phyrexia: All Will Be One,0.15,false,NearMint,English,20240305,0.12,0.12
1,"Kutzil's Flanker",20,lci,The Lost Caverns of Ixalan,0.37,false,NearMint,English,20231230,0.39,0.39
1,"Kutzil, Malamet Exemplar",304,lci,The Lost Caverns of Ixalan,0.33,false,NearMint,English,20231230,0.33,0.33
